2080 3343
390 467 436 511 ad
472 477 617 508 anmun
650 477 748 522 583,
805 464 928 520 adque
964 462 1112 507 bellum
1149 476 1240 507 cum
1266 465 1405 508 Perseo
1441 468 1659 511 Macedone
1692 468 1775 546 fere
1843 521 1848 525 ‚

386 540 554 583 deduxit.
585 539 630 585 ³³)

534 628 606 672 Vel
641 632 684 672 in
708 628 825 673 rebus
837 618 1111 683 vetustiffimis‚
1155 630 1193 673 &
1219 629 1297 687 ipsa
1320 630 1544 687 antiquitate
1563 627 1775 674 obliteratis

390 705 505 748 audet
519 707 653 747 Antias
685 719 767 747 non
790 716 940 746 tantum
961 719 1036 760 pro
1064 718 1173 748 certo
1192 719 1253 747 res
1267 707 1430 746 incertas
1456 703 1664 755 affirmare5
1691 701 1774 753 *⁴⁵5

391 779 457 822 sed
478 777 665 822 subtiliter
681 779 795 819 etiam
809 776 1026 833 exsequitur
1036 777 1223 832 fingendo
1241 789 1468 830 numerum,
1499 791 1616 838 quem
1639 776 1774 821 nullibi

392 855 560 907 reperire
571 861 761 906 potuerat.
808 852 1028 905 Opiniones
1041 849 1297 905 pervulgatas,
1326 864 1442 909 quam
1458 865 1605 917 parurn
1610 852 1775 913 excuffas

391 923 588 975 habuerit,
634 937 751 979 quam
775 922 900 979 palam
916 923 1022 966 falsas
1041 926 1203 981 quisque
1224 923 1321 968 alius
1336 926 1506 977 duxerit,
1541 929 1634 983 quin
1647 940 1776 988 rumo-

390 1012 453 1041 res
482 1011 623 1049 vanos,
676 998 733 1041 &
736 1011 758 1038 a
781 1000 938 1040 nemine
966 1011 1228 1051 memoratos,
1270 1013 1367 1041 caeca
1394 998 1456 1041 vel
1486 998 1775 1042 accommodata

391 1070 573 1114 mendacio
588 1068 859 1124 probabilifide
877 1060 1058 1128 sequstnr.
1113 1071 1303 1129 Taliaque
1327 1073 1408 1115 fine
1429 1072 1646 1115 discrimine
1660 1072 1774 1113 rebus
1801 1130 1807 1136 Δ

393 1145 509 1200 gestis
522 1142 692 1187 inned'tit.
707 1143 795 1196 ”*)
849 1144 972 1197 Plura,
989 1158 1104 1201 quam
1122 1159 1202 1201 quae
1215 1144 1277 1187 alii
1292 1156 1521 1200 repererant,
1534 1140 1675 1195 vidisse,
1688 1156 1773 1186 ocu·
1797 1142 1800 1145 ⁴

393 1221 471 1260 tior
482 1221 526 1259 in
548 1216 786 1272 exquirendo
802 1217 908 1257 fuiss'e
930 1218 1009 1270 ipse
1030 1218 1150 1258 videri
1165 1217 1266 1257 velit.
1292 1216 1425 1269 ****)

541 1312 584 1349 ln
601 1321 766 1350 numero
782 1307 961 1348 caesorum
977 1306 1144 1366 hostium
1154 1337 1166 1357 ,
1193 1308 1235 1348 in
1250 1316 1358 1361 capta
1372 1306 1512 1361 prada,
1544 1308 1585 1348 in
1597 1319 1770 1348 momen·—

390 1383 438 1422 tis
460 1395 591 1422 rerum
627 1381 738 1435 supra
758 1382 959 1421 veritatem
985 1381 1023 1421 &
1050 1391 1224 1421 naturam
1240 1380 1429 1433 augendis
1459 1382 1511 1421 ita
1537 1380 1771 1421 immodicus
1836 1425 1843 1431 ,

390 1455 460 1505 est,
493 1465 537 1495 ut
552 1453 806 1507 graviffimam
814 1455 914 1511 Livii
936 1454 1492 1508 reprehensionemvincurrat:
1530 1484 1554 1504 ‚,
1567 1455 1609 1495 ln
1624 1466 1768 1494 numero

390 1525 554 1580 [briptori
576 1539 710 1581 parum
727 1524 822 1575 fidei
834 1523 906 1575 stu
951 1524 1064 1579 (quia
1093 1525 1132 1567 in
1153 1524 1314 1578 augendo
1339 1539 1376 1566 eo
1391 1539 1461 1566 non
1484 1525 1579 1566 alius
1604 1525 1770 1579 intempe-

393 1598 540 1641 rantior
554 1599 631 1649 est.)
660 1597 817 1653 **²***)
871 1600 937 1638 Uti
951 1597 1068 1639 semel
1082 1597 1274 1650 Acssianis,
1305 1601 1445 1654 quippe
1460 1601 1608 1649 Graecis,
1635 1597 1772 1639 annali*-

365 1673 367 1676 ’
393 1670 466 1712 bus
484 1673 525 1711 in
547 1670 754 1711 referendo
775 1684 941 1711 numero
963 1670 1100 1711 castior
1123 1671 1246 1711 suerat
1268 1682 1458 1725 repertus3
1472 1670 1518 1722 τ)
1546 1671 1599 1711 fic
1613 1670 1701 1711 alias
1715 1673 1770 1712 Pi·

391 1744 546 1793 sonem,
578 1734 748 1793 Fabium,
778 1744 981 1793 Catonem,
1011 1740 1309 1797 Polybium,††)
1341 1755 1554 1798 omnesque
1577 1741 1672 1784 alios
1693 1746 1769 1794 R.0†

391 1830 590 1860 manarum
611 1830 742 1858 rerum
757 1814 933 1858 austores
944 1818 999 1857 ita
1013 1815 1193 1870 augendo
1209 1826 1393 1858 numeros
1410 1816 1494 1871 post
1515 1815 1553 1857 se
1576 1815 1768 1878 relinquir,

391 1903 434 1933 ut
449 1892 585 1945 generi
616 1889 789 1931 humano
819 1887 920 1937 illius
939 1887 1026 1930 fidia
1042 1888 1347 1944 fimguinolentia
1362 1891 1580 1941 ninnumeris
1596 1890 1767 1943 myriadi-

389 1963 462 2005 bus
485 1963 656 2004 constare
677 1963 841 2017 potuisse
860 1963 1043 2003 videatur.

540 2055 754 2107 Captorum
783 2067 807 2093 a
826 2054 1010 2093 Romanis
1031 2052 1199 2093 hostium
1228 2051 1453 2106 dignitatem
1473 2053 1510 2093 &
1529 2055 1767 2107 graviratem‚

391 2127 499 2169 idem
519 2127 556 2167 &
570 2128 713 2168 civium
735 2125 835 2180 apud
857 2126 985 2167 hostes
997 2137 1200 2180 captorum
1211 2142 1229 2177 3·
1263 2127 1388 2166 immo
1404 2127 1546 2166 civium
1562 2125 1615 2168 ob
1628 2126 1767 2183 seelera

393 2201 649 2242 dannatorum
670 2213 875 2240 numerum
892 2190 1037 2252 auger·
1058 2210 1168 2241 amat.
1195 2200 1300 2255 †††)
1356 2201 1392 2240 Si
1405 2199 1552 2253 praedae‚
1590 2202 1620 2243 fi
1641 2202 1767 2255 figno-

391 2287 477 2316 rum
500 2275 537 2315 &
553 2286 752 2315 armorum
774 2273 811 2313 &
831 2282 1119 2314 tormentorum
1141 2272 1240 2314 hosti
1261 2283 1485 2327 ereptorum
1509 2286 1693 2318 numerus
1713 2276 1767 2317 est

1709 2362 1766 2391 re·

1453 2461 1766 2479 *—

469 2534 506 2571 ’)
546 2534 563 2564 1.
587 2542 632 2573 39.
671 2543 696 2566 c.
717 2534 763 2571 56.
842 2533 861 2562 l.
881 2541 928 2570 41.
967 2542 991 2563 c.
1012 2540 1058 2570 32.

469 2589 527 2627 ⁰⁶>
567 2589 586 2620 1.
608 2598 633 2629 3.
674 2599 697 2620 c.
720 2597 747 2627 5.

468 2647 558 2684 ···)-
584 2647 605 2677 1·
626 2653 673 2685 37-
713 2655 739 2677 c·
758 2650 806 2684 ⁴8-

466 2705 564 2743 ''·')
604 2704 705 2735 Libros
723 2704 846 2743 Numae,
880 2713 896 2734 a
916 2703 1031 2734 nemine
1048 2688 1215 2734 niortalium
1234 2700 1328 2733 forsan
1347 2698 1432 2739 visos,
1472 2700 1674 2743 Pythagoricos
1686 2701 1766 2736 suiss'e

584 2768 685 2791 contra
710 2760 940 2800 probabilitatem
969 2761 996 2790 ἃ
1022 2760 1103 2790 nulla
1130 2760 1181 2789 arvi
1196 2758 1276 2789 istius
1293 2756 1388 2787 habita
1402 2756 1513 2788 ratione
1530 2759 1670 2798 perhibet.

493 2816 588 2854 “”“)
627 2817 646 2847 1.
667 2818 717 2857 3⁶·
755 2827 778 2848 c.
800 2822 847 2858 38.

470 2871 510 2912 τ)
549 2874 569 2904 l.
587 2882 634 2912 ις.
673 2883 699 2904 c.
719 2882 765 2913 39.

470 2928 531 2969 ††)
569 2930 590 2961 1.
610 2939 654 2968 3⁴-
673 2939 697 2961 c.
719 2938 765 2968 ις.
822 2930 841 2961 1.
861 2930 912 2963 26.
930 2939 955 2960 c.
975 2937 1023 2968 49.
1082 2928 1102 2959 Ι.
1122 2935 1169 2968 33.
1187 2936 1211 2959 c.
1232 2927 1280 2967 36.
1324 2927 1344 2959 Ι,
1366 2936 1411 2969 3⁴.
1430 2937 1457 2961 e.
1477 2935 1521 2962 ιο.
1568 2929 1587 2961 Ι.
1606 2930 1654 2967 46.
1673 2939 1696 2961 c.
1720 2937 1765 2968 19·

469 2986 554 3025 †††)
592 2986 612 3018 l.
632 2989 681 3020 26.
719 2997 744 3017 c.
765 2995 814 3024 ⁴9·
910 2986 931 3018 l.
950 2995 999 3026 29.
1038 2994 1064 3017 c.
1082 2993 1128 3026 35.
1225 2984 1244 3014 l.
1267 2992 1311 3025 33.
1349 2995 1373 3018 c.
1394 2987 1442 3026 36.
1534 2986 1558 3017 1.
1587 2994 1637 3028 37.
1676 2996 1701 3018 c.
1717 2988 1768 3019 60.

584 3044 604 3075 l.
623 3050 671 3084 39.
709 3052 735 3075 c.
754 3052 803 3081 ιι.
1277 3050 1280 3053 ’
