2080 3343
196 320 252 366 34

542 404 597 446 Ex
609 403 741 455 sensu,
769 414 888 459 quem
901 403 981 458 ipse
995 402 1185 454 habuerit,
1216 398 1364 444 sensum
1379 400 1570 446 ledarum
1583 404 1780 459 praesumit.

394 478 523 532 Fingit
544 480 649 520 enim
668 476 739 520 fibi
754 475 943 520 letiorem
959 476 1204 532 prudentem,
1233 487 1373 517 natura:
1386 490 1516 518 rerum
1531 476 1568 517 &
1580 478 1665 539 ejus
1676 476 1782 533 quod

394 549 598 607 probabile
621 551 816 603 videatur,
839 554 1032 593 rationem
1053 548 1260 592 habentem
1268 563 1280 599 5
1308 549 1422 591 &cui
1437 549 1545 608 nihil,
1572 549 1679 605 quod
1693 543 1783 591 con-

392 634 452 665 tra
474 636 651 666 naturam
668 626 735 677 sit,
767 625 984 681 persuaderi
999 623 1106 680 posse
1121 623 1305 664 videatur.
1361 625 1545 664 Occurrit
1566 625 1686 676 igitur
1701 626 1782 675 ejus

392 695 540 747 dubiis,
568 699 607 740 δι
628 711 709 754 quae
728 699 809 753 ipse
827 697 969 741 rediius
987 700 1024 740 &
1038 699 1188 739 acutius
1205 706 1337 737 mente
1356 695 1621 750 praesumserit,
1670 711 1714 738 ea
1728 699 1782 753 in-

393 768 590 826 telligens*
615 769 899 825 intelligentem
933 770 1124 814 lecstorem
1170 772 1212 812 in
1243 768 1308 811 sua
1335 767 1425 812 luce
1452 768 1622 825 exposita
1655 766 1786 812 videre

395 843 499 885 velit.
534 846 580 896 ἦ)
1447 853 1450 856 “

541 919 669 969 „Non
681 916 832 961 -dubito
855 927 991 973 prater
1015 918 1226 961 satietatem
1243 929 1306 962 tot
1317 919 1397 972 jam
1416 916 1675 960 libris'affidua
1684 915 1785 959 bella

394 1004 486 1032 cum
501 989 650 1032 Volscis
674 991 780 1043 gesta
797 990 1038 1045 legentibus,
1066 991 1161 1033 illud
1186 1005 1345 1048 quoque
1364 992 1629 1034 succursurum
1651 991 1785 1046 (quod

393 1064 493 1105 mihi
521 1064 764 1118 percensenti
785 1065 1250 1123 propiores-temporibus
1272 1067 1420 1107 horum
1445 1078 1576 1107 rerum
1603 1062 1782 1107 nudiores

394 1134 586 1177 miraculo
601 1134 701 1190 fuit)
733 1137 836 1178 unde
860 1140 978 1179 toties
994 1135 1105 1178 viffis
1118 1137 1265 1179 Volscis
1276 1140 1315 1180 ἃ
1328 1140 1472 1194 Aequis
1486 1138 1703 1179 suffecerint
1714 1138 1782 1178 mi-

395 1208 502 1249 lites:
539 1209 645 1263 quod
668 1222 789 1264 quum
805 1210 852 1250 ab
866 1212 1030 1264 antiquis
1058 1212 1217 1250 tacitum
1248 1209 1615 1263 praetermiss‘umque
1627 1209 1693 1262 fit,
1719 1222 1781 1249 cu-

393 1283 454 1333 jus
470 1281 625 1323 tandem
639 1295 719 1335 ego
739 1283 794 1323 rei
809 1294 944 1336 praeter
957 1283 1185 1336 opinionem
1194 1312 1206 1332 ‚
1233 1294 1315 1336 quae
1333 1280 1399 1323 sua
1413 1283 1554 1336 cuique
1567 1278 1779 1333 conjestan-

393 1355 425 1394 ti
439 1352 513 1394 effe
526 1340 673 1407 potest,
706 1351 842 1410 auster
857 1354 955 1395 sun?

538 1425 791 1466 Testimoniis
806 1427 917 1479 ipsis,
952 1428 1100 1468 etiamsi
1123 1427 1262 1467 iisdem
1278 1440 1360 1469 non
1373 1428 1454 1467 fere
1468 1427 1585 1467 fidem
1599 1416 1780 1479 deneget,

391 1498 631 1554 postpofitis,
661 1512 942 1555 nonnunquam
954 1501 1095 1541 rationi
1109 1497 1237 1542 solum
1254 1498 1496 1555 obsequitur,
1525 1499 1781 1555 proutimedi-

391 1581 541 1612 tantem
561 1570 612 1610 de
629 1583 671 1609 re
686 1571 810 1623 gesta,
840 1571 967 1626 deque
988 1569 1096 1611 fastis
1119 1572 1327 1613 hominum
1345 1571 1518 1612 ducebat.
1573 1574 1780 1612 Rationem

390 1644 706 1695 trajiciendorum
721 1643 769 1684 ab
785 1644 972 1685 Annibale
993 1644 1308 1698 elephantorum,
1338 1659 1460 1701 quum
1483 1646 1530 1686 ad
1544 1648 1778 1688 Rhodanum

389 1714 637 1771 pervenisset,
664 1717 795 1770 primo
809 1717 1037 1757 testimoniis
1051 1719 1163 1759 variis
1188 1717 1417 1772 propositis,
1455 1730 1537 1758 non
1556 1731 1577 1758 a
1591 1719 1630 1759 se
1644 1717 1778 1773 proba·
1799 1751 1801 1753 .

390 1800 471 1830 tarn
486 1789 607 1829 affert.
666 1791 776 1830 Tum
798 1789 919 1829 addit:
956 1792 1119 1830 Ceterum
1139 1789 1258 1842 magis
1281 1789 1415 1841 constat
1436 1790 1579 1831 ratibus
1591 1792 1777 1841 trajeffos:

389 1858 448 1911 id,
476 1872 515 1902 ut
527 1858 639 1903 tutius
660 1858 840 1910 confilium
854 1873 941 1904 ante
954 1875 1030 1904 rem
1046 1862 1175 1916 firm
1208 1861 1264 1905 ita
1291 1861 1376 1904 ac‘la
1397 1875 1455 1914 re,
1496 1861 1550 1904 ad
1561 1862 1679 1914 fidem
1689 1879 1777 1919 pro-

391 1932 472 1975 nius
487 1932 541 1985 est.
571 1933 644 1988 ³⁶⁴⁸)

541 2006 803 2048 Probabilitati
817 2010 875 2047 rei
890 2010 943 2048 ita
957 2008 1167 2060 adjungere
1183 2018 1355 2048 mentem
1370 2008 1476 2049 finam
1494 2020 1615 2059 amat,
1639 2023 1683 2052 ut
1696 2025 1777 2067 quae

393 2078 613 2122 verisimilia
628 2082 795 2122 maxime
808 2080 900 2132 sint,
930 2093 1207 2137 nonnunquam
1222 2083 1269 2123 iis
1282 2092 1508 2137 anteponat,
1541 2095 1629 2138 qua:
1644 2083 1780 2126 anaor

392 2155 523 2214 minus
538 2154 584 2194 ad
600 2156 733 2194 omnia
745 2154 970 2207 respiciens,
1000 2156 1145 2195 etiamsi
1160 2154 1276 2194 rebus
1292 2155 1381 2208 ipsis
1394 2156 1627 2206 interfuerit,
1654 2158 1778 2198 fuerat

393 2226 557 2268 testatus.
588 2226 691 2280 ''⁶³⁶4‘)
745 2228 785 2267 Si
802 2224 938 2267 audior
951 2226 1041 2268 alias
1053 2231 1198 2280 gravis,
1225 2239 1358 2269 natura
1371 2242 1501 2271 rerum
1514 2244 1595 2272 non
1609 2232 1778 2273 confide-

391 2311 490 2351 rata,
521 2297 764 2341 difficultates
788 2312 809 2339 a
824 2299 985 2340 flumine
1001 2298 1081 2342 lato
1102 2302 1140 2341 &
1161 2300 1297 2355 rapido
1313 2301 1508 2356 oppositas
1521 2301 1659 2345 victori
1675 2318 1778 2348 exer-

391 2375 508 2421 citui,
534 2375 649 2413 nimis
670 2371 771 2413 sacili
783 2365 949 2425 'negotio
970 2375 1160 2428 superatas
1180 2375 1353 2427 profert,
1392 2377 1524 2416 Livius
1538 2390 1560 2415 e
1581 2382 1776 2419 contrario

319 2498 333 2508 .
391 2443 663 2489 austoritatem
691 2448 850 2491 rationis
872 2447 910 2488 δι
931 2458 1071 2490 naturae
1092 2448 1290 2502 potiorem
1317 2449 1521 2503 proponit:
1565 2450 1625 2490 Ea
1646 2449 1778 2503 peritis

393 2518 516 2560 amnis
529 2523 604 2567 ejus
620 2518 684 2559 vix
688 2518 806 2568 fidem
808 2520 984 2571 ftcerint.
1013 2519 1142 2572 ****)
1199 2523 1344 2561 Contra
1356 2523 1507 2575 priscps
1519 2522 1683 2574 annales,
1711 2531 1778 2580 qui

395 2604 571 2636 naturam
585 2591 683 2636 alius
697 2593 887 2645 fluminis,
927 2604 971 2635 ut
991 2607 1013 2635 a
1032 2592 1225 2636 veteribus
1247 2595 1371 2636 fuerat
1384 2584 1587 2649 descripta,
1629 2598 1778 2652 postha-

1216 2688 1243 2709 .,
1603 2668 1775 2724 buerant,

471 2810 506 2848 ”)
544 2810 567 2840 1.
586 2812 614 2841 6.
654 2819 679 2840 c.
702 2817 747 2841 η.
807 2809 840 2838 cf.
862 2809 889 2838 ἃ
928 2814 947 2837 i.
968 2816 1017 2849 43.
1051 2817 1080 2837 ⁴c.
1105 2816 1149 2846 ις.
1174 2805 1246 2845 quid
1267 2801 1325 2845 ipse
1344 2804 1379 2836 de
1397 2808 1537 2849 prodigiis
1555 2809 1664 2844 sentiat..

473 2865 530 2902 *')
570 2867 589 2896 1.
608 2873 657 2899 ιι.
697 2875 720 2896 c.
740 2870 788 2902 28.

418 2964 424 2970 .
473 2921 552 2958 ··')
591 2922 611 2952 1.
630 2931 681 2955 αι.
718 2930 744 2955 c.
764 2928 811 2961 38.

477 2975 564 3015 ·“’,·)
602 2976 621 3008 1.
641 2985 688 3010 21.
727 2986 753 3008 c.
771 2983 821 3016 ⁴7.
