<?xml version="1.0" encoding="UTF-8"?>
<!DOCTYPE html PUBLIC "-//W3C//DTD XHTML 1.0 Transitional//EN"
    "http://www.w3.org/TR/xhtml1/DTD/xhtml1-transitional.dtd">
<html xmlns="http://www.w3.org/1999/xhtml" xml:lang="en" lang="en">
 <head>
  <title>
</title>
<meta http-equiv="Content-Type" content="text/html;charset=utf-8" />
  <meta name='ocr-system' content='tesseract 3.04.00' />
  <meta name='ocr-capabilities' content='ocr_page ocr_carea ocr_par ocr_line ocrx_word'/>
</head>
<body>
  <div class='ocr_page' id='page_1' title='image "./4626086_0034.png"; bbox 0 0 2080 3343; ppageno 0'>
   <div class='ocr_carea' id='block_1_1' title="bbox 389 397 1776 607">
    <p class='ocr_par' dir='ltr' id='par_1_1' title="bbox 389 397 1776 607">
     <span class='ocr_line' id='line_1_1' title="bbox 392 397 1770 460; baseline 0.001 -14"><span class='ocrx_word' id='word_1_1' title='bbox 392 406 450 446; x_wconf 86' lang='lat' dir='ltr'><strong>nis</strong></span> <span class='ocrx_word' id='word_1_2' title='bbox 475 399 634 457; x_wconf 85' lang='lat' dir='ltr'>perinde</span> <span class='ocrx_word' id='word_1_3' title='bbox 661 398 766 454; x_wconf 78' lang='lat' dir='ltr'><strong>quasi</strong></span> <span class='ocrx_word' id='word_1_4' title='bbox 795 397 868 440; x_wconf 85' lang='lat' dir='ltr'><strong>effe</strong></span> <span class='ocrx_word' id='word_1_5' title='bbox 896 398 1038 449; x_wconf 86' lang='lat' dir='ltr'><strong>visum,</strong></span> <span class='ocrx_word' id='word_1_6' title='bbox 1094 413 1189 441; x_wconf 90' lang='lat' dir='ltr'><strong>num</strong></span> <span class='ocrx_word' id='word_1_7' title='bbox 1207 422 1209 424; x_wconf 91' lang='lat'>·</span> <span class='ocrx_word' id='word_1_8' title='bbox 1225 398 1400 453; x_wconf 80' lang='lat' dir='ltr'><strong>aliunde,</strong></span> <span class='ocrx_word' id='word_1_9' title='bbox 1456 415 1572 460; x_wconf 84' lang='lat' dir='ltr'><strong>quam</strong></span> <span class='ocrx_word' id='word_1_10' title='bbox 1600 405 1770 448; x_wconf 66' lang='lat' dir='ltr'><strong>ex‘vero</strong></span> 
     </span>
     <span class='ocr_line' id='line_1_2' title="bbox 390 471 1773 531; baseline 0.002 -14"><span class='ocrx_word' id='word_1_11' title='bbox 390 477 500 518; x_wconf 87' lang='lat' dir='ltr'><strong>fonte</strong></span> <span class='ocrx_word' id='word_1_12' title='bbox 540 474 644 528; x_wconf 82' lang='lat' dir='ltr'>pacis</span> <span class='ocrx_word' id='word_1_13' title='bbox 680 471 789 525; x_wconf 80' lang='lat' dir='ltr'><strong>leges</strong></span> <span class='ocrx_word' id='word_1_14' title='bbox 824 472 1072 513; x_wconf 83' lang='lat' dir='ltr'><strong>memorent?</strong></span> <span class='ocrx_word' id='word_1_15' title='bbox 1123 473 1190 516; x_wconf 86' lang='lat' dir='ltr'><strong>-Sic</strong></span> <span class='ocrx_word' id='word_1_16' title='bbox 1217 472 1302 525; x_wconf 84' lang='lat' dir='ltr'><strong>ipse.</strong></span> <span class='ocrx_word' id='word_1_17' title='bbox 1322 474 1455 515; x_wconf 86' lang='lat' dir='ltr'><strong>Livius</strong></span> <span class='ocrx_word' id='word_1_18' title='bbox 1483 489 1572 516; x_wconf 79' lang='lat' dir='ltr'><strong>raro</strong></span> <span class='ocrx_word' id='word_1_19' title='bbox 1601 478 1773 531; x_wconf 83' lang='lat' dir='ltr'><strong>quidem,</strong></span> 
     </span>
     <span class='ocr_line' id='line_1_3' title="bbox 389 543 1776 607; baseline 0 -18"><span class='ocrx_word' id='word_1_20' title='bbox 389 548 468 607; x_wconf 82' lang='lat' dir='ltr'><strong>ipsa</strong></span> <span class='ocrx_word' id='word_1_21' title='bbox 497 546 614 588; x_wconf 85' lang='lat' dir='ltr'><strong>verba</strong></span> <span class='ocrx_word' id='word_1_22' title='bbox 641 545 852 595; x_wconf 79' lang='lat' dir='ltr'><strong>foederum,</strong></span> <span class='ocrx_word' id='word_1_23' title='bbox 881 553 1060 587; x_wconf 75' lang='lat' dir='ltr'><strong>caeterum</strong></span> <span class='ocrx_word' id='word_1_24' title='bbox 1087 543 1249 586; x_wconf 86' lang='lat' dir='ltr'><strong>sollicita</strong></span> <span class='ocrx_word' id='word_1_25' title='bbox 1276 544 1374 585; x_wconf 87' lang='lat' dir='ltr'><strong>adeo</strong></span> <span class='ocrx_word' id='word_1_26' title='bbox 1403 558 1497 586; x_wconf 87' lang='lat' dir='ltr'><strong>cum</strong></span> <span class='ocrx_word' id='word_1_27' title='bbox 1524 560 1616 588; x_wconf 81' lang='lat' dir='ltr'><strong>cura</strong></span> <span class='ocrx_word' id='word_1_28' title='bbox 1643 544 1776 592; x_wconf 74' lang='lat' dir='ltr'><strong>tamen</strong></span> 
     </span>
    </p>
   </div>
   <div class='ocr_carea' id='block_1_2' title="bbox 391 617 1786 683">
    <p class='ocr_par' dir='ltr' id='par_1_2' title="bbox 391 617 1786 683">
     <span class='ocr_line' id='line_1_4' title="bbox 391 617 1786 683; baseline 0.001 -21"><span class='ocrx_word' id='word_1_29' title='bbox 391 631 618 676; x_wconf 81' lang='lat' dir='ltr'><strong>argumenta</strong></span> <span class='ocrx_word' id='word_1_30' title='bbox 657 633 797 683; x_wconf 86' lang='lat' dir='ltr'><strong>eorum</strong></span> <span class='ocrx_word' id='word_1_31' title='bbox 833 621 1010 675; x_wconf 84' lang='lat' dir='ltr'><strong>exponit,</strong></span> <span class='ocrx_word' id='word_1_32' title='bbox 1066 628 1111 661; x_wconf 86' lang='lat' dir='ltr'><strong>ut</strong></span> <span class='ocrx_word' id='word_1_33' title='bbox 1146 617 1237 660; x_wconf 88' lang='lat' dir='ltr'><strong>inde</strong></span> <span class='ocrx_word' id='word_1_34' title='bbox 1272 631 1334 660; x_wconf 89' lang='lat' dir='ltr'><strong>res</strong></span> <span class='ocrx_word' id='word_1_35' title='bbox 1368 618 1509 672; x_wconf 85' lang='lat' dir='ltr'><strong>gestas,</strong></span> <span class='ocrx_word' id='word_1_36' title='bbox 1564 633 1645 677; x_wconf 81' lang='lat' dir='ltr'><strong>quae</strong></span> <span class='ocrx_word' id='word_1_37' title='bbox 1682 620 1786 671; x_wconf 52' lang='lat' dir='ltr'><strong>alias,</strong></span> 
     </span>
    </p>
   </div>
   <div class='ocr_carea' id='block_1_3' title="bbox 388 691 1774 819">
    <p class='ocr_par' dir='ltr' id='par_1_3' title="bbox 388 691 1774 819">
     <span class='ocr_line' id='line_1_5' title="bbox 388 691 1774 748; baseline 0.001 -11"><span class='ocrx_word' id='word_1_38' title='bbox 388 695 469 738; x_wconf 86' lang='lat' dir='ltr'><strong>fine</strong></span> <span class='ocrx_word' id='word_1_39' title='bbox 504 692 628 735; x_wconf 88' lang='lat' dir='ltr'><strong>dubio</strong></span> <span class='ocrx_word' id='word_1_40' title='bbox 666 692 899 735; x_wconf 85' lang='lat' dir='ltr'><strong>obliteratae</strong></span> <span class='ocrx_word' id='word_1_41' title='bbox 914 691 1086 744; x_wconf 69' lang='lat' dir='ltr'><strong>fuifi‘ent,</strong></span> <span class='ocrx_word' id='word_1_42' title='bbox 1146 702 1312 748; x_wconf 80' lang='lat' dir='ltr'><strong>repetat,</strong></span> <span class='ocrx_word' id='word_1_43' title='bbox 1372 704 1583 748; x_wconf 86' lang='lat' dir='ltr'><strong>earumque</strong></span> <span class='ocrx_word' id='word_1_44' title='bbox 1624 707 1774 738; x_wconf 90' lang='lat' dir='ltr'><strong>memo-</strong></span> 
     </span>
     <span class='ocr_line' id='line_1_6' title="bbox 390 765 932 819; baseline -0.007 -9"><span class='ocrx_word' id='word_1_45' title='bbox 390 771 488 811; x_wconf 86' lang='lat' dir='ltr'><strong>riam</strong></span> <span class='ocrx_word' id='word_1_46' title='bbox 515 768 606 809; x_wconf 87' lang='lat' dir='ltr'><strong>inde</strong></span> <span class='ocrx_word' id='word_1_47' title='bbox 636 767 852 807; x_wconf 88' lang='lat' dir='ltr'><strong>confirmet.</strong></span> <span class='ocrx_word' id='word_1_48' title='bbox 880 765 932 819; x_wconf 41' lang='grc' dir='ltr'><strong>ἦ)</strong></span> 
     </span>
    </p>
   </div>
   <div class='ocr_carea' id='block_1_4' title="bbox 540 804 1780 894">
    <p class='ocr_par' dir='ltr' id='par_1_4' title="bbox 540 804 1780 894">
     <span class='ocr_line' id='line_1_7' title="bbox 540 804 1780 894; baseline 0.003 -13"><span class='ocrx_word' id='word_1_49' title='bbox 540 838 762 882; x_wconf 85' lang='lat' dir='ltr'><strong>Relationes</strong></span> <span class='ocrx_word' id='word_1_50' title='bbox 796 840 839 880; x_wconf 88' lang='lat' dir='ltr'><strong>in</strong></span> <span class='ocrx_word' id='word_1_51' title='bbox 872 838 1004 881; x_wconf 84' lang='lat' dir='ltr'><strong>senatu</strong></span> <span class='ocrx_word' id='word_1_52' title='bbox 1039 851 1062 881; x_wconf 79' lang='lat' dir='ltr'><strong>a</strong></span> <span class='ocrx_word' id='word_1_53' title='bbox 1103 835 1384 894; x_wconf 76' lang='lat' dir='ltr'><strong>magistratibus</strong></span> <span class='ocrx_word' id='word_1_54' title='bbox 1415 836 1492 882; x_wconf 85' lang='lat' dir='ltr'><strong>vel</strong></span> <span class='ocrx_word' id='word_1_55' title='bbox 1520 804 1684 889; x_wconf 82' lang='lat' dir='ltr'><strong>urbanis</strong></span> <span class='ocrx_word' id='word_1_56' title='bbox 1711 841 1780 885; x_wconf 87' lang='lat' dir='ltr'><strong>vel·</strong></span> 
     </span>
    </p>
   </div>
   <div class='ocr_carea' id='block_1_5' title="bbox 382 912 1780 2506">
    <p class='ocr_par' dir='ltr' id='par_1_5' title="bbox 382 912 1778 2279">
     <span class='ocr_line' id='line_1_8' title="bbox 386 912 1773 969; baseline 0.001 -14"><span class='ocrx_word' id='word_1_57' title='bbox 386 912 687 969; x_wconf 86' lang='lat' dir='ltr'><strong>provincialibus</strong></span> <span class='ocrx_word' id='word_1_58' title='bbox 714 913 859 963; x_wconf 84' lang='lat' dir='ltr'><strong>senatui</strong></span> <span class='ocrx_word' id='word_1_59' title='bbox 880 913 1117 967; x_wconf 77' lang='lat' dir='ltr'><strong>propositas,</strong></span> <span class='ocrx_word' id='word_1_60' title='bbox 1154 913 1385 969; x_wconf 83' lang='lat' dir='ltr'><strong>decretaque</strong></span> <span class='ocrx_word' id='word_1_61' title='bbox 1419 914 1532 968; x_wconf 81' lang='lat' dir='ltr'><strong>super</strong></span> <span class='ocrx_word' id='word_1_62' title='bbox 1559 928 1691 956; x_wconf 88' lang='lat' dir='ltr'><strong>earum</strong></span> <span class='ocrx_word' id='word_1_63' title='bbox 1720 930 1773 956; x_wconf 88' lang='lat' dir='ltr'><strong>ar-</strong></span> 
     </span>
     <span class='ocr_line' id='line_1_9' title="bbox 386 984 1774 1041; baseline 0.001 -12"><span class='ocrx_word' id='word_1_64' title='bbox 386 1001 572 1041; x_wconf 87' lang='lat' dir='ltr'><strong>gumenta</strong></span> <span class='ocrx_word' id='word_1_65' title='bbox 600 999 810 1041; x_wconf 33' lang='lat' dir='ltr'><strong>concepta-v,</strong></span> <span class='ocrx_word' id='word_1_66' title='bbox 859 986 939 1027; x_wconf 78' lang='lat' dir='ltr'><strong>sine</strong></span> <span class='ocrx_word' id='word_1_67' title='bbox 968 984 1090 1029; x_wconf 83' lang='lat' dir='ltr'><strong>dubio</strong></span> <span class='ocrx_word' id='word_1_68' title='bbox 1113 984 1290 1029; x_wconf 80' lang='lat' dir='ltr'><strong>affervata</strong></span> <span class='ocrx_word' id='word_1_69' title='bbox 1327 985 1376 1028; x_wconf 83' lang='lat' dir='ltr'><strong>ad</strong></span> <span class='ocrx_word' id='word_1_70' title='bbox 1416 989 1588 1029; x_wconf 77' lang='lat' dir='ltr'><strong>aerarium</strong></span> <span class='ocrx_word' id='word_1_71' title='bbox 1620 987 1683 1030; x_wconf 89' lang='lat' dir='ltr'><strong>vel</strong></span> <span class='ocrx_word' id='word_1_72' title='bbox 1726 988 1774 1031; x_wconf 88' lang='lat' dir='ltr'><strong>ad</strong></span> 
     </span>
     <span class='ocr_line' id='line_1_10' title="bbox 386 1054 1772 1116; baseline 0 -14"><span class='ocrx_word' id='word_1_73' title='bbox 386 1054 507 1102; x_wconf 68' lang='lat' dir='ltr'><strong>aedem</strong></span> <span class='ocrx_word' id='word_1_74' title='bbox 530 1060 787 1116; x_wconf 83' lang='lat' dir='ltr'>nympharum</span> <span class='ocrx_word' id='word_1_75' title='bbox 810 1058 1022 1110; x_wconf 85' lang='lat' dir='ltr'><strong>exstabant,</strong></span> <span class='ocrx_word' id='word_1_76' title='bbox 1052 1059 1235 1116; x_wconf 87' lang='lat' dir='ltr'>quamdiu</span> <span class='ocrx_word' id='word_1_77' title='bbox 1250 1062 1501 1110; x_wconf 59' lang='lat' dir='ltr'><strong>resssomana</strong></span> <span class='ocrx_word' id='word_1_78' title='bbox 1513 1059 1634 1103; x_wconf 85' lang='lat' dir='ltr'><strong>libera</strong></span> <span class='ocrx_word' id='word_1_79' title='bbox 1647 1059 1772 1104; x_wconf 75' lang='lat' dir='ltr'><strong>stabat.</strong></span> 
     </span>
     <span class='ocr_line' id='line_1_11' title="bbox 388 1133 1773 1194; baseline -0.001 -18"><span class='ocrx_word' id='word_1_80' title='bbox 388 1134 513 1194; x_wconf 78' lang='lat' dir='ltr'><strong>Qod</strong></span> <span class='ocrx_word' id='word_1_81' title='bbox 529 1134 687 1189; x_wconf 84' lang='lat' dir='ltr'><strong>quidem</strong></span> <span class='ocrx_word' id='word_1_82' title='bbox 702 1134 851 1187; x_wconf 79' lang='lat' dir='ltr'><strong>insigne</strong></span> <span class='ocrx_word' id='word_1_83' title='bbox 875 1133 1139 1185; x_wconf 88' lang='lat' dir='ltr'><strong>adjumentum</strong></span> <span class='ocrx_word' id='word_1_84' title='bbox 1156 1133 1359 1185; x_wconf 75' lang='lat' dir='ltr'><strong>historico,</strong></span> <span class='ocrx_word' id='word_1_85' title='bbox 1389 1134 1523 1176; x_wconf 90' lang='lat' dir='ltr'><strong>sedulo</strong></span> <span class='ocrx_word' id='word_1_86' title='bbox 1537 1134 1624 1175; x_wconf 85' lang='lat' dir='ltr'><strong>talia</strong></span> <span class='ocrx_word' id='word_1_87' title='bbox 1641 1134 1773 1176; x_wconf 88' lang='lat' dir='ltr'><strong>consu·</strong></span> 
     </span>
     <span class='ocr_line' id='line_1_12' title="bbox 388 1204 1775 1258; baseline -0.001 -10"><span class='ocrx_word' id='word_1_88' title='bbox 388 1207 504 1258; x_wconf 86' lang='lat' dir='ltr'><strong>lenti,</strong></span> <span class='ocrx_word' id='word_1_89' title='bbox 546 1206 592 1248; x_wconf 87' lang='lat' dir='ltr'><strong>ad</strong></span> <span class='ocrx_word' id='word_1_90' title='bbox 613 1205 917 1248; x_wconf 83' lang='lat' dir='ltr'><strong>constituendam</strong></span> <span class='ocrx_word' id='word_1_91' title='bbox 945 1206 1108 1246; x_wconf 76' lang='lat' dir='ltr'><strong>historia:</strong></span> <span class='ocrx_word' id='word_1_92' title='bbox 1125 1208 1325 1246; x_wconf 88' lang='lat' dir='ltr'><strong>veritatem</strong></span> <span class='ocrx_word' id='word_1_93' title='bbox 1347 1204 1420 1245; x_wconf 81' lang='lat' dir='ltr'><strong>effe</strong></span> <span class='ocrx_word' id='word_1_94' title='bbox 1440 1204 1635 1247; x_wconf 85' lang='lat' dir='ltr'><strong>debuiffet.</strong></span> <span class='ocrx_word' id='word_1_95' title='bbox 1689 1209 1775 1255; x_wconf 88' lang='lat' dir='ltr'><strong>Jam</strong></span> 
     </span>
     <span class='ocr_line' id='line_1_13' title="bbox 387 1275 1775 1334; baseline -0.001 -13"><span class='ocrx_word' id='word_1_96' title='bbox 387 1283 489 1321; x_wconf 85' lang='lat' dir='ltr'><strong>circa</strong></span> <span class='ocrx_word' id='word_1_97' title='bbox 508 1292 570 1320; x_wconf 90' lang='lat' dir='ltr'><strong>res</strong></span> <span class='ocrx_word' id='word_1_98' title='bbox 582 1281 712 1334; x_wconf 84' lang='lat' dir='ltr'><strong>priscae</strong></span> <span class='ocrx_word' id='word_1_99' title='bbox 726 1282 860 1319; x_wconf 82' lang='lat' dir='ltr'><strong>Romae</strong></span> <span class='ocrx_word' id='word_1_100' title='bbox 875 1279 1007 1318; x_wconf 87' lang='lat' dir='ltr'><strong>Livius</strong></span> <span class='ocrx_word' id='word_1_101' title='bbox 1023 1277 1117 1332; x_wconf 77' lang='lat' dir='ltr'><strong>saepe</strong></span> <span class='ocrx_word' id='word_1_102' title='bbox 1138 1278 1274 1328; x_wconf 88' lang='lat' dir='ltr'><strong>infert,</strong></span> <span class='ocrx_word' id='word_1_103' title='bbox 1302 1275 1465 1319; x_wconf 75' lang='lat' dir='ltr'><strong>relattun</strong></span> <span class='ocrx_word' id='word_1_104' title='bbox 1481 1277 1589 1319; x_wconf 86' lang='lat' dir='ltr'><strong>fuiffe</strong></span> <span class='ocrx_word' id='word_1_105' title='bbox 1610 1278 1657 1318; x_wconf 89' lang='lat' dir='ltr'><strong>ad</strong></span> <span class='ocrx_word' id='word_1_106' title='bbox 1674 1278 1775 1319; x_wconf 74' lang='lat' dir='ltr'><strong>sena-</strong></span> 
     </span>
     <span class='ocr_line' id='line_1_14' title="bbox 385 1349 1776 1407; baseline -0.001 -13"><span class='ocrx_word' id='word_1_107' title='bbox 385 1364 472 1394; x_wconf 86' lang='lat' dir='ltr'><strong>tum</strong></span> <span class='ocrx_word' id='word_1_108' title='bbox 486 1355 709 1394; x_wconf 85' lang='lat' dir='ltr'><strong>Romanum</strong></span> <span class='ocrx_word' id='word_1_109' title='bbox 733 1351 781 1394; x_wconf 92' lang='lat' dir='ltr'><strong>de</strong></span> <span class='ocrx_word' id='word_1_110' title='bbox 809 1349 915 1392; x_wconf 91' lang='lat' dir='ltr'><strong>bello</strong></span> <span class='ocrx_word' id='word_1_111' title='bbox 936 1350 1046 1404; x_wconf 86' lang='lat' dir='ltr'><strong>gesto</strong></span> <span class='ocrx_word' id='word_1_112' title='bbox 1068 1364 1090 1391; x_wconf 85' lang='lat' dir='ltr'><strong>a</strong></span> <span class='ocrx_word' id='word_1_113' title='bbox 1109 1349 1291 1403; x_wconf 84' lang='lat' dir='ltr'><strong>ducibus,</strong></span> <span class='ocrx_word' id='word_1_114' title='bbox 1328 1349 1495 1393; x_wconf 78' lang='lat' dir='ltr'><strong>&#39;relatum</strong></span> <span class='ocrx_word' id='word_1_115' title='bbox 1518 1350 1566 1393; x_wconf 91' lang='lat' dir='ltr'><strong>de</strong></span> <span class='ocrx_word' id='word_1_116' title='bbox 1588 1352 1776 1407; x_wconf 86' lang='lat' dir='ltr'><strong>triumphi</strong></span> 
     </span>
     <span class='ocr_line' id='line_1_15' title="bbox 382 1423 1775 1482; baseline -0.001 -14"><span class='ocrx_word' id='word_1_117' title='bbox 382 1425 448 1482; x_wconf 92' lang='lat' dir='ltr'><strong>spe</strong></span> <span class='ocrx_word' id='word_1_118' title='bbox 455 1440 467 1476; x_wconf 73' lang='grc' dir='ltr'><strong><em>ς</em></strong></span> <span class='ocrx_word' id='word_1_119' title='bbox 495 1439 583 1467; x_wconf 87' lang='lat' dir='ltr'><strong>raro</strong></span> <span class='ocrx_word' id='word_1_120' title='bbox 599 1439 714 1476; x_wconf 88' lang='lat' dir='ltr'><strong>vero,</strong></span> <span class='ocrx_word' id='word_1_121' title='bbox 747 1426 785 1466; x_wconf 70' lang='grc' dir='ltr'><strong>δε</strong></span> <span class='ocrx_word' id='word_1_122' title='bbox 812 1437 893 1466; x_wconf 90' lang='lat' dir='ltr'><strong>non</strong></span> <span class='ocrx_word' id='word_1_123' title='bbox 908 1424 979 1466; x_wconf 85' lang='lat' dir='ltr'><strong>nis1</strong></span> <span class='ocrx_word' id='word_1_124' title='bbox 999 1426 1146 1466; x_wconf 90' lang='lat' dir='ltr'><strong>Punico</strong></span> <span class='ocrx_word' id='word_1_125' title='bbox 1168 1423 1476 1476; x_wconf 79' lang='lat' dir='ltr'><strong>secundobello,</strong></span> <span class='ocrx_word' id='word_1_126' title='bbox 1508 1428 1657 1468; x_wconf 89' lang='lat' dir='ltr'><strong>mentio</strong></span> <span class='ocrx_word' id='word_1_127' title='bbox 1678 1440 1700 1467; x_wconf 88' lang='lat' dir='ltr'><strong>a</strong></span> <span class='ocrx_word' id='word_1_128' title='bbox 1714 1427 1775 1468; x_wconf 90' lang='lat' dir='ltr'><strong>Li·</strong></span> 
     </span>
     <span class='ocr_line' id='line_1_16' title="bbox 383 1496 1775 1552; baseline 0 -12"><span class='ocrx_word' id='word_1_129' title='bbox 383 1502 453 1541; x_wconf 88' lang='lat' dir='ltr'><strong>vio</strong></span> <span class='ocrx_word' id='word_1_130' title='bbox 467 1498 565 1542; x_wconf 64' lang='lat' dir='ltr'><strong>radia</strong></span> <span class='ocrx_word' id='word_1_131' title='bbox 591 1500 644 1540; x_wconf 87' lang='lat' dir='ltr'><strong>est</strong></span> <span class='ocrx_word' id='word_1_132' title='bbox 659 1498 912 1548; x_wconf 83' lang='lat' dir='ltr'><strong>relationum,</strong></span> <span class='ocrx_word' id='word_1_133' title='bbox 943 1500 985 1539; x_wconf 86' lang='lat' dir='ltr'><strong>in</strong></span> <span class='ocrx_word' id='word_1_134' title='bbox 1006 1498 1137 1539; x_wconf 84' lang='lat' dir='ltr'><strong>senatu</strong></span> <span class='ocrx_word' id='word_1_135' title='bbox 1153 1497 1205 1539; x_wconf 84' lang='lat' dir='ltr'><strong>de</strong></span> <span class='ocrx_word' id='word_1_136' title='bbox 1215 1497 1297 1539; x_wconf 86' lang='lat' dir='ltr'><strong>aliis</strong></span> <span class='ocrx_word' id='word_1_137' title='bbox 1310 1496 1426 1540; x_wconf 87' lang='lat' dir='ltr'><strong>rebus</strong></span> <span class='ocrx_word' id='word_1_138' title='bbox 1443 1497 1651 1552; x_wconf 41' lang='lat' dir='ltr'><strong>{achituma</strong></span> <span class='ocrx_word' id='word_1_139' title='bbox 1668 1500 1775 1540; x_wconf 80' lang='lat' dir='ltr'><strong>Num</strong></span> 
     </span>
     <span class='ocr_line' id='line_1_17' title="bbox 384 1569 1776 1626; baseline -0.001 -13"><span class='ocrx_word' id='word_1_140' title='bbox 384 1571 478 1614; x_wconf 86' lang='lat' dir='ltr'><strong>inde</strong></span> <span class='ocrx_word' id='word_1_141' title='bbox 492 1572 594 1613; x_wconf 90' lang='lat' dir='ltr'><strong>effici</strong></span> <span class='ocrx_word' id='word_1_142' title='bbox 615 1571 808 1622; x_wconf 91' lang='lat' dir='ltr'><strong>dicemus,</strong></span> <span class='ocrx_word' id='word_1_143' title='bbox 855 1581 943 1612; x_wconf 86' lang='lat' dir='ltr'><strong>ante</strong></span> <span class='ocrx_word' id='word_1_144' title='bbox 967 1570 1047 1612; x_wconf 92' lang='lat' dir='ltr'><strong>hoc</strong></span> <span class='ocrx_word' id='word_1_145' title='bbox 1065 1581 1220 1625; x_wconf 90' lang='lat' dir='ltr'><strong>tempus</strong></span> <span class='ocrx_word' id='word_1_146' title='bbox 1250 1569 1346 1612; x_wconf 87' lang='lat' dir='ltr'>nihil</span> <span class='ocrx_word' id='word_1_147' title='bbox 1359 1571 1491 1626; x_wconf 63' lang='lat' dir='ltr'><strong>⁴scripti</strong></span> <span class='ocrx_word' id='word_1_148' title='bbox 1506 1572 1554 1614; x_wconf 83' lang='lat' dir='ltr'><strong>de</strong></span> <span class='ocrx_word' id='word_1_149' title='bbox 1580 1572 1640 1613; x_wconf 91' lang='lat' dir='ltr'><strong>his</strong></span> <span class='ocrx_word' id='word_1_150' title='bbox 1658 1570 1776 1613; x_wconf 83' lang='lat' dir='ltr'><strong>rebu&#39;s</strong></span> 
     </span>
     <span class='ocr_line' id='line_1_18' title="bbox 387 1641 1777 1698; baseline -0.001 -12"><span class='ocrx_word' id='word_1_151' title='bbox 387 1643 633 1695; x_wconf 80' lang='lat' dir='ltr'><strong>affervatum‚</strong></span> <span class='ocrx_word' id='word_1_152' title='bbox 677 1642 736 1684; x_wconf 93' lang='lat' dir='ltr'><strong>vel</strong></span> <span class='ocrx_word' id='word_1_153' title='bbox 755 1644 786 1685; x_wconf 85' lang='lat' dir='ltr'><strong>s1</strong></span> <span class='ocrx_word' id='word_1_154' title='bbox 807 1643 901 1698; x_wconf 90' lang='lat' dir='ltr'><strong>quid</strong></span> <span class='ocrx_word' id='word_1_155' title='bbox 930 1643 1138 1694; x_wconf 80' lang='lat' dir='ltr'><strong>exstiterat,</strong></span> <span class='ocrx_word' id='word_1_156' title='bbox 1182 1657 1263 1686; x_wconf 89' lang='lat' dir='ltr'><strong>non</strong></span> <span class='ocrx_word' id='word_1_157' title='bbox 1286 1645 1368 1685; x_wconf 85' lang='lat' dir='ltr'><strong>sere</strong></span> <span class='ocrx_word' id='word_1_158' title='bbox 1390 1641 1609 1686; x_wconf 86' lang='lat' dir='ltr'><strong>consultum</strong></span> <span class='ocrx_word' id='word_1_159' title='bbox 1625 1643 1732 1685; x_wconf 71' lang='lat' dir='ltr'><strong>fiiiss‘e</strong></span> <span class='ocrx_word' id='word_1_160' title='bbox 1752 1659 1777 1685; x_wconf 76' lang='lat' dir='ltr'><strong>a</strong></span> 
     </span>
     <span class='ocr_line' id='line_1_19' title="bbox 385 1714 1773 1773; baseline -0.002 -13"><span class='ocrx_word' id='word_1_161' title='bbox 385 1715 635 1773; x_wconf 85' lang='lat' dir='ltr'><strong>scriptoribus</strong></span> <span class='ocrx_word' id='word_1_162' title='bbox 655 1727 743 1757; x_wconf 83' lang='lat' dir='ltr'><strong>ante</strong></span> <span class='ocrx_word' id='word_1_163' title='bbox 765 1714 937 1757; x_wconf 84' lang='lat' dir='ltr'><strong>nostrum</strong></span> <span class='ocrx_word' id='word_1_164' title='bbox 954 1728 1015 1756; x_wconf 90' lang='lat' dir='ltr'><strong>res</strong></span> <span class='ocrx_word' id='word_1_165' title='bbox 1035 1714 1366 1768; x_wconf 81' lang='lat' dir='ltr'><strong>eonfignantibus..</strong></span> <span class='ocrx_word' id='word_1_166' title='bbox 1419 1714 1490 1757; x_wconf 89' lang='lat' dir='ltr'><strong>Vel</strong></span> <span class='ocrx_word' id='word_1_167' title='bbox 1502 1718 1615 1757; x_wconf 91' lang='lat' dir='ltr'><strong>Livio</strong></span> <span class='ocrx_word' id='word_1_168' title='bbox 1641 1716 1773 1757; x_wconf 87' lang='lat' dir='ltr'><strong>nostro</strong></span> 
     </span>
     <span class='ocr_line' id='line_1_20' title="bbox 385 1786 1776 1847; baseline -0.001 -14"><span class='ocrx_word' id='word_1_169' title='bbox 385 1792 472 1847; x_wconf 88' lang='lat' dir='ltr'><strong>post</strong></span> <span class='ocrx_word' id='word_1_170' title='bbox 498 1788 599 1831; x_wconf 89' lang='lat' dir='ltr'><strong>bella</strong></span> <span class='ocrx_word' id='word_1_171' title='bbox 620 1788 745 1830; x_wconf 85' lang='lat' dir='ltr'><strong>civilia</strong></span> <span class='ocrx_word' id='word_1_172' title='bbox 783 1802 864 1831; x_wconf 91' lang='lat' dir='ltr'><strong>non</strong></span> <span class='ocrx_word' id='word_1_173' title='bbox 886 1786 1110 1843; x_wconf 62' lang='lat' dir='ltr'><strong>contigisse,</strong></span> <span class='ocrx_word' id='word_1_174' title='bbox 1152 1790 1322 1843; x_wconf 87' lang='lat' dir='ltr'><strong>reperire</strong></span> <span class='ocrx_word' id='word_1_175' title='bbox 1344 1789 1383 1829; x_wconf 68' lang='grc' dir='ltr'><strong>δε</strong></span> <span class='ocrx_word' id='word_1_176' title='bbox 1404 1802 1560 1839; x_wconf 89' lang='lat' dir='ltr'><strong>eruere,</strong></span> <span class='ocrx_word' id='word_1_177' title='bbox 1602 1787 1666 1829; x_wconf 91' lang='lat' dir='ltr'><strong>vel</strong></span> <span class='ocrx_word' id='word_1_178' title='bbox 1693 1802 1776 1831; x_wconf 89' lang='lat' dir='ltr'><strong>non</strong></span> 
     </span>
     <span class='ocr_line' id='line_1_21' title="bbox 382 1859 1778 1916; baseline -0.003 -10"><span class='ocrx_word' id='word_1_179' title='bbox 382 1862 527 1906; x_wconf 78' lang='lat' dir='ltr'><strong>licuisse</strong></span> <span class='ocrx_word' id='word_1_180' title='bbox 542 1861 743 1904; x_wconf 76' lang='lat' dir='ltr'><strong>consulere</strong></span> <span class='ocrx_word' id='word_1_181' title='bbox 752 1862 907 1915; x_wconf 85' lang='lat' dir='ltr'><strong>vestigia</strong></span> <span class='ocrx_word' id='word_1_182' title='bbox 922 1859 1109 1902; x_wconf 85' lang='lat' dir='ltr'><strong>libertatis</strong></span> <span class='ocrx_word' id='word_1_183' title='bbox 1123 1863 1299 1915; x_wconf 70' lang='lat' dir='ltr'><strong>patricia,-</strong></span> <span class='ocrx_word' id='word_1_184' title='bbox 1327 1874 1409 1916; x_wconf 81' lang='lat' dir='ltr'><strong>quae</strong></span> <span class='ocrx_word' id='word_1_185' title='bbox 1424 1875 1471 1903; x_wconf 87' lang='lat' dir='ltr'><strong>ex</strong></span> <span class='ocrx_word' id='word_1_186' title='bbox 1485 1860 1669 1907; x_wconf 84' lang='lat' dir='ltr'><strong>violentia</strong></span> <span class='ocrx_word' id='word_1_187' title='bbox 1684 1874 1778 1902; x_wconf 88' lang='lat' dir='ltr'><strong>con-</strong></span> 
     </span>
     <span class='ocr_line' id='line_1_22' title="bbox 385 1933 1774 1991; baseline -0.001 -11"><span class='ocrx_word' id='word_1_188' title='bbox 385 1938 607 1980; x_wconf 73' lang='lat' dir='ltr'><strong>versionum</strong></span> <span class='ocrx_word' id='word_1_189' title='bbox 622 1935 765 1978; x_wconf 82' lang='lat' dir='ltr'><strong>servata</strong></span> <span class='ocrx_word' id='word_1_190' title='bbox 786 1935 917 1991; x_wconf 84' lang='lat' dir='ltr'><strong>paffim</strong></span> <span class='ocrx_word' id='word_1_191' title='bbox 934 1933 1151 1978; x_wconf 75' lang='lat' dir='ltr'><strong>exstabant?</strong></span> <span class='ocrx_word' id='word_1_192' title='bbox 1179 1936 1468 1991; x_wconf 79' lang='lat' dir='ltr'><strong>Nonnunquam</strong></span> <span class='ocrx_word' id='word_1_193' title='bbox 1483 1946 1614 1977; x_wconf 87' lang='lat' dir='ltr'><strong>tamen</strong></span> <span class='ocrx_word' id='word_1_194' title='bbox 1627 1934 1774 1978; x_wconf 90' lang='lat' dir='ltr'><strong>senten-</strong></span> 
     </span>
     <span class='ocr_line' id='line_1_23' title="bbox 385 2008 1778 2062; baseline -0.002 -10"><span class='ocrx_word' id='word_1_195' title='bbox 385 2014 527 2052; x_wconf 85' lang='lat' dir='ltr'><strong>tiarum</strong></span> <span class='ocrx_word' id='word_1_196' title='bbox 557 2012 594 2050; x_wconf 90' lang='lat'>&amp;</span> <span class='ocrx_word' id='word_1_197' title='bbox 616 2008 1037 2049; x_wconf 83' lang='lat' dir='ltr'><strong>decretorumsenatus</strong></span> <span class='ocrx_word' id='word_1_198' title='bbox 1066 2009 1299 2047; x_wconf 83' lang='lat' dir='ltr'><strong>memoriam</strong></span> <span class='ocrx_word' id='word_1_199' title='bbox 1328 2009 1381 2047; x_wconf 91' lang='lat' dir='ltr'><strong>ita</strong></span> <span class='ocrx_word' id='word_1_200' title='bbox 1401 2008 1536 2056; x_wconf 86' lang='lat' dir='ltr'><strong>infert,</strong></span> <span class='ocrx_word' id='word_1_201' title='bbox 1575 2008 1778 2062; x_wconf 74' lang='lat' dir='ltr'><strong>quastquae</strong></span> 
     </span>
     <span class='ocr_line' id='line_1_24' title="bbox 387 2077 1780 2135; baseline -0.003 -10"><span class='ocrx_word' id='word_1_202' title='bbox 387 2094 638 2125; x_wconf 87' lang='lat' dir='ltr'><strong>momentum</strong></span> <span class='ocrx_word' id='word_1_203' title='bbox 657 2084 699 2122; x_wconf 90' lang='lat' dir='ltr'><strong>in</strong></span> <span class='ocrx_word' id='word_1_204' title='bbox 717 2082 873 2123; x_wconf 87' lang='lat' dir='ltr'><strong>historia</strong></span> <span class='ocrx_word' id='word_1_205' title='bbox 897 2079 1160 2122; x_wconf 85' lang='lat' dir='ltr'><strong>constituenda</strong></span> <span class='ocrx_word' id='word_1_206' title='bbox 1180 2080 1335 2122; x_wconf 71' lang='lat' dir='ltr'><strong>iaciant.-</strong></span> <span class='ocrx_word' id='word_1_207' title='bbox 1404 2077 1529 2129; x_wconf 87' lang='lat' dir='ltr'><strong>Perus</strong></span> <span class='ocrx_word' id='word_1_208' title='bbox 1513 2093 1654 2121; x_wconf 86' lang='lat' dir='ltr'><strong>norum</strong></span> <span class='ocrx_word' id='word_1_209' title='bbox 1678 2080 1780 2135; x_wconf 75' lang='lat' dir='ltr'><strong>castu-</strong></span> 
     </span>
     <span class='ocr_line' id='line_1_25' title="bbox 389 2151 1777 2209; baseline -0.003 -10"><span class='ocrx_word' id='word_1_210' title='bbox 389 2154 572 2199; x_wconf 70' lang='lat' dir='ltr'><strong>obscurior</strong></span> <span class='ocrx_word' id='word_1_211' title='bbox 580 2156 700 2209; x_wconf 85' lang='lat' dir='ltr'><strong>fama</strong></span> <span class='ocrx_word' id='word_1_212' title='bbox 722 2153 785 2206; x_wconf 77' lang='lat' dir='ltr'><strong>est,-</strong></span> <span class='ocrx_word' id='word_1_213' title='bbox 825 2152 912 2207; x_wconf 81' lang='lat' dir='ltr'><strong>quia</strong></span> <span class='ocrx_word' id='word_1_214' title='bbox 926 2167 988 2194; x_wconf 88' lang='lat' dir='ltr'><strong>nec</strong></span> <span class='ocrx_word' id='word_1_215' title='bbox 1003 2152 1156 2208; x_wconf 80' lang='lat' dir='ltr'><strong>ipfhrum</strong></span> <span class='ocrx_word' id='word_1_216' title='bbox 1170 2164 1396 2209; x_wconf 76' lang='lat' dir='ltr'><strong>monumento</strong></span> <span class='ocrx_word' id='word_1_217' title='bbox 1419 2151 1487 2195; x_wconf 85' lang='lat' dir='ltr'><strong>ullo</strong></span> <span class='ocrx_word' id='word_1_218' title='bbox 1508 2151 1553 2205; x_wconf 73' lang='lat' dir='ltr'><strong>cst</strong></span> <span class='ocrx_word' id='word_1_219' title='bbox 1571 2151 1777 2206; x_wconf 81' lang='lat' dir='ltr'><strong>illustratus,</strong></span> 
     </span>
     <span class='ocr_line' id='line_1_26' title="bbox 388 2224 1470 2279; baseline -0.01 -8"><span class='ocrx_word' id='word_1_220' title='bbox 388 2243 451 2271; x_wconf 82' lang='lat' dir='ltr'><strong>nec</strong></span> <span class='ocrx_word' id='word_1_221' title='bbox 479 2227 616 2270; x_wconf 79' lang='lat' dir='ltr'><strong>decreto</strong></span> <span class='ocrx_word' id='word_1_222' title='bbox 645 2231 904 2269; x_wconf 84' lang='lat' dir='ltr'><strong>Romanorum.</strong></span> <span class='ocrx_word' id='word_1_223' title='bbox 935 2224 1013 2279; x_wconf 52' lang='grc' dir='ltr'><strong>’μὴ</strong></span> <span class='ocrx_word' id='word_1_224' title='bbox 1468 2236 1470 2239; x_wconf 67' lang='grc'>’</span> 
     </span>
    </p>

    <p class='ocr_par' dir='ltr' id='par_1_6' title="bbox 385 2270 1779 2506">
     <span class='ocr_line' id='line_1_27' title="bbox 496 2270 1779 2355; baseline 0.002 -12.066"><span class='ocrx_word' id='word_1_225' title='bbox 496 2301 690 2355; x_wconf 79' lang='lat' dir='ltr'><strong>Insigne</strong></span> <span class='ocrx_word' id='word_1_226' title='bbox 706 2298 928 2354; x_wconf 82' lang='lat' dir='ltr'><strong>exemplum</strong></span> <span class='ocrx_word' id='word_1_227' title='bbox 944 2297 1148 2353; x_wconf 87' lang='lat' dir='ltr'><strong>diligentiae</strong></span> <span class='ocrx_word' id='word_1_228' title='bbox 1162 2298 1277 2341; x_wconf 87' lang='lat' dir='ltr'><strong>nobis</strong></span> <span class='ocrx_word' id='word_1_229' title='bbox 1294 2298 1476 2351; x_wconf 77' lang='lat' dir='ltr'><strong>exhibet,</strong></span> <span class='ocrx_word' id='word_1_230' title='bbox 1501 2303 1610 2352; x_wconf 87' lang='lat' dir='ltr'><strong>cujus</strong></span> <span class='ocrx_word' id='word_1_231' title='bbox 1622 2270 1779 2345; x_wconf 81' lang='lat' dir='ltr'><strong>laudem</strong></span> 
     </span>
     <span class='ocr_line' id='line_1_28' title="bbox 385 2373 1779 2433; baseline -0.001 -15"><span class='ocrx_word' id='word_1_232' title='bbox 385 2379 483 2433; x_wconf 89' lang='lat' dir='ltr'><strong>petit</strong></span> <span class='ocrx_word' id='word_1_233' title='bbox 510 2389 581 2425; x_wconf 91' lang='lat' dir='ltr'><strong>eo,</strong></span> <span class='ocrx_word' id='word_1_234' title='bbox 622 2374 730 2429; x_wconf 88' lang='lat' dir='ltr'><strong>quod</strong></span> <span class='ocrx_word' id='word_1_235' title='bbox 760 2386 843 2415; x_wconf 92' lang='lat' dir='ltr'><strong>non</strong></span> <span class='ocrx_word' id='word_1_236' title='bbox 863 2373 1054 2414; x_wconf 84' lang='lat' dir='ltr'><strong>summam</strong></span> <span class='ocrx_word' id='word_1_237' title='bbox 1069 2373 1239 2414; x_wconf 90' lang='lat' dir='ltr'><strong>decreti&#39;</strong></span> <span class='ocrx_word' id='word_1_238' title='bbox 1228 2386 1270 2414; x_wconf 89' lang='lat' dir='ltr'><strong>m</strong></span> <span class='ocrx_word' id='word_1_239' title='bbox 1289 2373 1420 2415; x_wconf 86' lang='lat' dir='ltr'><strong>senatu</strong></span> <span class='ocrx_word' id='word_1_240' title='bbox 1440 2377 1621 2429; x_wconf 88' lang='lat' dir='ltr'><strong>concepti</strong></span> <span class='ocrx_word' id='word_1_241' title='bbox 1634 2377 1779 2416; x_wconf 80' lang='lat' dir='ltr'><strong>refert·</strong></span> <span class='ocrx_word' id='word_1_242' title='bbox 1765 2403 1779 2424; x_wconf 95' lang='lat'><strong>,</strong></span> 
     </span>
     <span class='ocr_line' id='line_1_29' title="bbox 385 2446 1778 2506; baseline -0.001 -14"><span class='ocrx_word' id='word_1_243' title='bbox 385 2463 514 2506; x_wconf 88' lang='lat' dir='ltr'><strong>neque</strong></span> <span class='ocrx_word' id='word_1_244' title='bbox 537 2451 666 2491; x_wconf 88' lang='lat' dir='ltr'><strong>minus</strong></span> <span class='ocrx_word' id='word_1_245' title='bbox 686 2450 885 2490; x_wconf 86' lang='lat' dir='ltr'><strong>orationes</strong></span> <span class='ocrx_word' id='word_1_246' title='bbox 904 2461 926 2488; x_wconf 87' lang='lat' dir='ltr'><strong>a</strong></span> <span class='ocrx_word' id='word_1_247' title='bbox 951 2446 990 2488; x_wconf 86' lang='lat' dir='ltr'><strong>se</strong></span> <span class='ocrx_word' id='word_1_248' title='bbox 1011 2446 1261 2501; x_wconf 67' lang='lat' dir='ltr'><strong>compositas,</strong></span> <span class='ocrx_word' id='word_1_249' title='bbox 1311 2447 1416 2503; x_wconf 77' lang='lat' dir='ltr'><strong>quasi</strong></span> <span class='ocrx_word' id='word_1_250' title='bbox 1443 2459 1524 2504; x_wconf 85' lang='lat' dir='ltr'><strong>quae</strong></span> <span class='ocrx_word' id='word_1_251' title='bbox 1544 2461 1593 2489; x_wconf 87' lang='lat' dir='ltr'><strong>ex</strong></span> <span class='ocrx_word' id='word_1_252' title='bbox 1615 2462 1686 2489; x_wconf 92' lang='lat' dir='ltr'><strong>ore</strong></span> <span class='ocrx_word' id='word_1_253' title='bbox 1700 2447 1778 2491; x_wconf 82' lang='lat' dir='ltr'><strong>sen·</strong></span> 
     </span>
    </p>
   </div>
   <div class='ocr_carea' id='block_1_6' title="bbox 386 2519 1782 2577">
    <p class='ocr_par' dir='ltr' id='par_1_7' title="bbox 386 2519 1782 2577">
     <span class='ocr_line' id='line_1_30' title="bbox 386 2519 1782 2577; baseline -0.001 -12"><span class='ocrx_word' id='word_1_254' title='bbox 386 2526 524 2569; x_wconf 83' lang='lat' dir='ltr'><strong>tentias</strong></span> <span class='ocrx_word' id='word_1_255' title='bbox 547 2523 758 2563; x_wconf 85' lang='lat' dir='ltr'><strong>dicentium</strong></span> <span class='ocrx_word' id='word_1_256' title='bbox 785 2522 929 2562; x_wconf 83' lang='lat' dir='ltr'><strong>fuerint</strong></span> <span class='ocrx_word' id='word_1_257' title='bbox 947 2519 1148 2574; x_wconf 59' lang='lat' dir='ltr'><strong>profetia,</strong></span> <span class='ocrx_word' id='word_1_258' title='bbox 1190 2521 1237 2561; x_wconf 86' lang='lat' dir='ltr'><strong>ad</strong></span> <span class='ocrx_word' id='word_1_259' title='bbox 1263 2522 1489 2577; x_wconf 64' lang='lat' dir='ltr'><strong>ingeniii&#39;ui</strong></span> <span class='ocrx_word' id='word_1_260' title='bbox 1514 2519 1687 2572; x_wconf 81' lang='lat' dir='ltr'><strong>laudem,</strong></span> <span class='ocrx_word' id='word_1_261' title='bbox 1716 2521 1782 2564; x_wconf 85' lang='lat' dir='ltr'><strong>vel</strong></span> 
     </span>
    </p>
   </div>
   <div class='ocr_carea' id='block_1_7' title="bbox 384 2592 1779 2857">
    <p class='ocr_par' dir='ltr' id='par_1_8' title="bbox 384 2592 1779 2796">
     <span class='ocr_line' id='line_1_31' title="bbox 385 2592 1779 2651; baseline 0 -13"><span class='ocrx_word' id='word_1_262' title='bbox 385 2597 433 2638; x_wconf 87' lang='lat' dir='ltr'><strong>ad</strong></span> <span class='ocrx_word' id='word_1_263' title='bbox 446 2594 697 2651; x_wconf 23' lang='lat' dir='ltr'><strong>*voluptatem</strong></span> <span class='ocrx_word' id='word_1_264' title='bbox 724 2592 941 2648; x_wconf 87' lang='lat' dir='ltr'><strong>legentium</strong></span> <span class='ocrx_word' id='word_1_265' title='bbox 957 2593 1112 2635; x_wconf 86' lang='lat' dir='ltr'><strong>inserit:</strong></span> <span class='ocrx_word' id='word_1_266' title='bbox 1159 2607 1296 2636; x_wconf 84' lang='lat' dir='ltr'><strong>verum</strong></span> <span class='ocrx_word' id='word_1_267' title='bbox 1315 2593 1503 2636; x_wconf 82' lang='lat' dir='ltr'><strong>brevitate</strong></span> <span class='ocrx_word' id='word_1_268' title='bbox 1532 2594 1570 2635; x_wconf 87' lang='lat'>&amp;</span> <span class='ocrx_word' id='word_1_269' title='bbox 1591 2597 1779 2649; x_wconf 74' lang='lat' dir='ltr'><strong>gravitate</strong></span> 
     </span>
     <span class='ocr_line' id='line_1_32' title="bbox 384 2666 1778 2723; baseline -0.001 -12"><span class='ocrx_word' id='word_1_270' title='bbox 384 2670 572 2712; x_wconf 85' lang='lat' dir='ltr'><strong>senatoria</strong></span> <span class='ocrx_word' id='word_1_271' title='bbox 590 2666 759 2723; x_wconf 85' lang='lat' dir='ltr'><strong>prolatas</strong></span> <span class='ocrx_word' id='word_1_272' title='bbox 779 2668 900 2708; x_wconf 89' lang='lat' dir='ltr'><strong>varias</strong></span> <span class='ocrx_word' id='word_1_273' title='bbox 921 2666 1126 2708; x_wconf 77' lang='lat' dir='ltr'><strong>sententias</strong></span> <span class='ocrx_word' id='word_1_274' title='bbox 1146 2669 1199 2707; x_wconf 83' lang='lat' dir='ltr'><strong>ita</strong></span> <span class='ocrx_word' id='word_1_275' title='bbox 1214 2666 1360 2716; x_wconf 82' lang='lat' dir='ltr'><strong>reddit,</strong></span> <span class='ocrx_word' id='word_1_276' title='bbox 1403 2677 1447 2706; x_wconf 91' lang='lat' dir='ltr'><strong>ut</strong></span> <span class='ocrx_word' id='word_1_277' title='bbox 1470 2671 1698 2709; x_wconf 83' lang='lat' dir='ltr'><strong>memoriam</strong></span> <span class='ocrx_word' id='word_1_278' title='bbox 1721 2682 1778 2710; x_wconf 89' lang='lat' dir='ltr'><strong>re-</strong></span> 
     </span>
     <span class='ocr_line' id='line_1_33' title="bbox 386 2738 1779 2796; baseline -0.001 -11"><span class='ocrx_word' id='word_1_279' title='bbox 386 2758 475 2786; x_wconf 86' lang='lat' dir='ltr'><strong>rum</strong></span> <span class='ocrx_word' id='word_1_280' title='bbox 495 2746 538 2785; x_wconf 92' lang='lat' dir='ltr'><strong>in</strong></span> <span class='ocrx_word' id='word_1_281' title='bbox 557 2756 607 2785; x_wconf 90' lang='lat' dir='ltr'><strong>eo</strong></span> <span class='ocrx_word' id='word_1_282' title='bbox 620 2742 753 2785; x_wconf 89' lang='lat' dir='ltr'><strong>senatu</strong></span> <span class='ocrx_word' id='word_1_283' title='bbox 776 2739 1020 2784; x_wconf 71' lang='lat' dir='ltr'><strong>trastatarum</strong></span> <span class='ocrx_word' id='word_1_284' title='bbox 1031 2739 1154 2796; x_wconf 74' lang='lat' dir='ltr'><strong>preli&#39;e</strong></span> <span class='ocrx_word' id='word_1_285' title='bbox 1166 2741 1372 2795; x_wconf 79' lang='lat' dir='ltr'><strong>sequutus,</strong></span> <span class='ocrx_word' id='word_1_286' title='bbox 1399 2738 1461 2782; x_wconf 85' lang='lat' dir='ltr'><strong>vel</strong></span> <span class='ocrx_word' id='word_1_287' title='bbox 1475 2745 1779 2784; x_wconf 87' lang='lat' dir='ltr'><strong>commentarios</strong></span> 
     </span>
    </p>

    <p class='ocr_par' dir='ltr' id='par_1_9' title="bbox 1689 2826 1779 2857">
     <span class='ocr_line' id='line_1_34' title="bbox 1689 2826 1779 2857; baseline 0.011 -1"><span class='ocrx_word' id='word_1_288' title='bbox 1689 2826 1779 2857; x_wconf 77' lang='lat' dir='ltr'><strong>ante</strong></span> 
     </span>
    </p>
   </div>
   <div class='ocr_carea' id='block_1_8' title="bbox 1580 2889 1777 2900">
    <p class='ocr_par' dir='ltr' id='par_1_10' title="bbox 1580 2889 1777 2900">
     <span class='ocr_line' id='line_1_35' title="bbox 1580 2889 1777 2900; baseline 0 0"><span class='ocrx_word' id='word_1_289' title='bbox 1580 2889 1777 2900; x_wconf 95' lang='lat' dir='ltr'><strong> </strong></span> 
     </span>
    </p>
   </div>
   <div class='ocr_carea' id='block_1_9' title="bbox 464 2921 1118 3016">
    <p class='ocr_par' dir='ltr' id='par_1_11' title="bbox 464 2921 1118 3016">
     <span class='ocr_line' id='line_1_36' title="bbox 464 2921 1025 2962; baseline -0.012 -3"><span class='ocrx_word' id='word_1_290' title='bbox 464 2921 501 2958; x_wconf 72' lang='lat'><strong>⁶)</strong></span> <span class='ocrx_word' id='word_1_291' title='bbox 540 2921 559 2951; x_wconf 91' lang='lat' dir='ltr'><strong>l.</strong></span> <span class='ocrx_word' id='word_1_292' title='bbox 579 2930 610 2953; x_wconf 83' lang='lat'><strong>2.</strong></span> <span class='ocrx_word' id='word_1_293' title='bbox 648 2930 743 2962; x_wconf 72' lang='grc' dir='ltr'><strong>ε.33.</strong></span> <span class='ocrx_word' id='word_1_294' title='bbox 822 2923 841 2953; x_wconf 87' lang='lat'><strong>1.</strong></span> <span class='ocrx_word' id='word_1_295' title='bbox 864 2930 890 2953; x_wconf 83' lang='lat'><strong>1.</strong></span> <span class='ocrx_word' id='word_1_296' title='bbox 931 2928 1025 2959; x_wconf 77' lang='lat' dir='ltr'><strong>c.24.</strong></span> 
     </span>
     <span class='ocr_line' id='line_1_37' title="bbox 464 2976 1118 3016; baseline -0.015 -2"><span class='ocrx_word' id='word_1_297' title='bbox 464 2976 522 3016; x_wconf 46' lang='lat' dir='ltr'><strong>f&#39;)</strong></span> <span class='ocrx_word' id='word_1_298' title='bbox 561 2976 650 3016; x_wconf 76' lang='lat'>1023.</span> <span class='ocrx_word' id='word_1_299' title='bbox 689 2986 783 3011; x_wconf 60' lang='lat'><strong>020·</strong></span> <span class='ocrx_word' id='word_1_300' title='bbox 841 2977 875 3007; x_wconf 85' lang='lat' dir='ltr'><strong>cf.</strong></span> <span class='ocrx_word' id='word_1_301' title='bbox 915 2978 1003 3015; x_wconf 83' lang='lat' dir='ltr'><strong>l.25.</strong></span> <span class='ocrx_word' id='word_1_302' title='bbox 1044 2983 1118 3013; x_wconf 54' lang='grc' dir='ltr'><strong>ως,</strong></span> 
     </span>
    </p>
   </div>
  </div>
 </body>
</html>
