2080 3343
208 364 254 401 12

405 449 588 502 quitatem
611 445 839 497 deduxerat,
885 444 1062 501 opusque
1084 443 1258 493 dederat,
1286 447 1407 499 ¹quod
1423 450 1565 491 Cicero
1582 448 1790 507 ,sexcenties

403 519 550 571 laudat,
594 521 632 562 δε
655 518 757 562 unde
781 531 896 575 quam
926 517 1089 574 plurima
1112 515 1208 559 facta
1227 518 1268 557 in
1290 517 1556 571 exemplorum
1569 512 1790 573 ‘priscorum

408 579 714 649 expolitionem,
764 605 880 649 quam
912 591 1077 648 plurima
1100 601 1299 636 momenta
1313 591 1354 631 in
1375 592 1550 631 oratoriae
1570 592 1658 634 artis
1676 591 1787 633 histo—

405 669 504 710 riam
527 668 717 710 transfert.
1122 708 1133 715 &
1643 665 1645 669 ’

555 744 730 797 Uterque
743 742 781 781 ἃ
796 740 938 781 Cicero
958 741 995 781 ἀ
1010 741 1141 782 Livius
1153 734 1440 781 laudationes&
1452 736 1593 790 priscas
1608 737 1647 778 δι
1660 751 1787 782 recen-

404 816 545 864 tiores,
590 810 721 868 quales
735 814 776 853 in
789 811 944 853 laudem
965 809 1175 852 nobilitatis
1194 821 1216 849 a
1237 807 1447 862 gentilibus
1468 807 1599 850 multis
1618 821 1688 864 per
1707 824 1788 851 om-

402 888 464 927 nia
492 883 622 926 saecula
642 884 793 927 fuerant
808 882 942 926 habitae
957 884 995 925 &
1011 881 1206 933 affervatae,
1226 881 1454 937 posthabent
1482 880 1563 924 aliis
1593 883 1737 938 scriptis
1752 885 1790 925 δι

401 961 678 1000 monumentis.
724 962 826 1000 Tam
837 956 1097 1007 ambitiosum,
1125 958 1162 997 &
1182 955 1371 998 mendacii
1386 955 1545 1012 plenum
1560 954 1735 999 laudandi
1752 959 1789 1002 ἃ.

402 1030 563 1074 ornandi
584 1032 648 1074 sua
671 1045 830 1088 quaeque
845 1030 1094 1088 prodiderant
1118 1029 1293 1073 studium.
1353 1033 1435 1089 Qui
1450 1024 1546 1073 'fons
1562 1032 1626 1073 hic
1639 1032 1791 1076 videtur

403 1108 515 1147 Livio
541 1116 694 1160 apertus
708 1105 815 1147 fuiss'e
831 1136 842 1156 ,
867 1133 871 1152 ,
905 1117 947 1146 ut
970 1117 1052 1160 quae
1081 1102 1230 1145 turbata
1246 1103 1435 1145 &infesta
1459 1106 1562 1160 quasi
1593 1120 1641 1146 ex
1665 1104 1790 1148 lauda·

403 1179 577 1222 tionibus
592 1181 746 1221 haurire
761 1192 853 1220 eum
866 1180 1038 1232 pigeret,
1066 1190 1173 1230 pura,
1197 1189 1323 1230 parata
1339 1191 1430 1218 cum
1451 1181 1629 1221 omnium
1649 1177 1790 1221 assensu

403 1266 449 1293 ex
463 1252 681 1306 originibus
695 1252 881 1307 hauriret,
930 1250 967 1290 &
987 1250 1028 1289 in
1045 1247 1112 1289 sua
1132 1247 1233 1288 culta
1255 1248 1500 1290 immitteret!
1535 1251 1580 1290 Et
1601 1263 1649 1292 ne
1672 1251 1790 1293 semel

402 1325 559 1380 quidem
574 1326 772 1379 originum
787 1324 1029 1366 mentionem
1044 1320 1210 1372 injeciffe
1261 1320 1437 1363 videmus
1446 1336 1458 1371 3
1516 1323 1698 1366 tacitusne
1726 1324 1789 1366 illa

402 1409 572 1452 unquam
588 1396 825 1448 adhibuerit,
857 1398 1096 1451 ignoramus.

549 1472 705 1514 Litteris
726 1483 906 1526 praeterea
920 1468 1114 1512 mandavit
1129 1470 1228 1529 Cato
1243 1482 1305 1513 res
1321 1482 1342 1510 a
1358 1469 1493 1525 seipso
1514 1471 1646 1525 gestas.
1717 1474 1789 1518 Ca·

402 1546 509 1586 tonis
523 1545 812 1599 expeditionem
828 1547 869 1585 in
881 1545 1107 1598 Hispaniam
1122 1545 1254 1589 Livius
1274 1541 1442 1584 breviter
1457 1545 1632 1599 quidem,
1671 1545 1723 1587 fic
1736 1534 1789 1587 taj

402 1632 495 1660 men
510 1629 681 1668 enarrat,
730 1629 773 1659 ut
786 1620 853 1673 qui
872 1628 1144 1670 argumentum
1175 1617 1254 1657 hoc
1275 1628 1366 1657 cum
1381 1616 1560 1670 singulari
1578 1618 1702 1660 studio
1726 1618 1788 1661 vel

402 1690 565 1743 elegerit
585 1690 646 1730 vel
672 1689 898 1731 trastaverit.
956 1693 999 1731 In
1021 1690 1095 1730 hac
1119 1689 1196 1743 ipsa
1220 1690 1460 1743 expofitione
1483 1701 1610 1731 tamen
1634 1693 1671 1733 &
1691 1692 1789 1734 alios

400 1761 581 1804 aud‘tores
595 1773 727 1818 praeter
740 1765 932 1804 Catonem
949 1761 1074 1813 audit,
1101 1760 1219 1803 semel
1233 1773 1402 1813 tantum,
1435 1775 1561 1818 neque
1577 1756 1706 1818 postea
1719 1767 1787 1808 ite,

401 1850 490 1877 rum
511 1838 637 1891 ipsum
669 1834 841 1877 afiorem
873 1836 909 1877 δι
931 1846 1166 1877 narratorem
1188 1849 1332 1884 rerum,
1348 1835 1500 1877 suarum
1526 1836 1663 1880 laudat.
1742 1842 1789 1882 Et

401 1919 487 1951 tum
504 1908 631 1951 adhuc
645 1909 767 1951 addit:
816 1911 939 1960 „Cato
961 1907 1051 1962 ipfi’,
1093 1906 1525 1971 haudfhne-detrec‘fator
1544 1911 1692 1955 laudum
1702 1912 1789 1968 fica-

403 1996 508 2033 rum,
535 1982 664 2026 multos
686 1980 785 2036 caeJbs
799 1981 874 2026 aits
903 1995 1089 2025 numerum
1110 1994 1180 2025 non
1196 1979 1377 2033 adscribit.
1387 1986 1411 2004 “
1442 1986 1478 2032 *)

552 2059 658 2097 Num
687 2052 1018 2109 magniloquentia
1046 2054 1204 2093 Catonis
1227 2054 1380 2095 Livium
1404 2053 1667 2109 deterruisset,
1707 2072 1791 2114 quo

404 2133 534 2173 minus
561 2142 656 2170 verae
672 2128 743 2170 suae
762 2130 800 2169 <sc
819 2130 952 2168 nativae
973 2129 1180 2167 narrationi
1202 2126 1280 2167 haec
1303 2126 1379 2168 alio
1407 2127 1539 2182 spiritu
1556 2129 1704 2184 prolata
1727 2133 1789 2174 ad,

405 2203 532 2246 deret!

550 2278 601 2318 At
616 2288 695 2329 ego
711 2287 761 2316 ne
777 2272 1152 2330 magniloquentiam
1163 2275 1320 2331 quidem
1336 2273 1476 2319 Catoni
1489 2290 1509 2316 a
1521 2278 1634 2320 Livio
1654 2280 1694 2324 in
1708 2293 1790 2322 ver-

402 2348 462 2395 bis
508 2351 633 2390 citatis
676 2346 870 2400 objedhm
910 2347 1085 2391 arbitror.
1174 2349 1215 2390 ld
1262 2348 1385 2404 modo
1429 2350 1556 2395 noster.
1592 2350 1794 2408 designare

404 2421 565 2463 voluiffe
616 2421 787 2472 videtur,
873 2423 1064 2466 Catonem
1114 2422 1282 2472 honesti,
1371 2422 1408 2464 ἃ
1452 2424 1492 2463 in
1534 2422 1642 2466 fae-{is
1670 2427 1708 2467 ἅτ
1732 2430 1792 2469 viu

406 2494 534 2546 diffls,
604 2508 792 2551 perquam
832 2495 868 2535 &
913 2494 999 2549 plus
1038 2509 1160 2551 quam.
1188 2494 1302 2539 ullius
1333 2494 1441 2544 >alius
1472 2499 1550 2547 rei,
1580 2497 1685 2541 fuisse
1721 2501 1790 2543 stu-

406 2569 570 2610 diosum.
669 2570 749 2609 Cur
800 2580 895 2608 vero
943 2570 996 2618 is,
1067 2570 1134 2624 qui
1180 2571 1305 2610 virum
1334 2570 1438 2611 hunc
1484 2570 1584 2613 inter
1629 2577 1795 2637 primos,

408 2656 508 2699 quos
522 2644 649 2684 Ro'ma
664 2643 819 2696 genuit,
849 2643 1084 2693 numeravit,
1119 2656 1200 2684 non
1217 2643 1371 2697 seripta‚
1403 2641 1451 2684 de
1465 2642 1602 2699 quibus
1618 2649 1698 2703 ipse
1715 2664 1795 2692 maa

404 2716 546 2770 gnifice
554 2715 711 2768 judicat,
737 2713 793 2755 ibi
811 2713 986 2766 adhibet,
1036 2715 1102 2757 ubi
1123 2716 1264 2783 ducem
1291 2712 1406 2757 talem
1433 2718 1633 2770 inveuiss'e‚
1675 2735 1794 2777 quam

405 2791 573 2836 maxime
589 2785 835 2830 desiderabile
855 2788 1073 2833 videretur?
1119 2791 1218 2838 Cur,
1256 2789 1322 2841 qui
1345 2792 1633 2844 orationesejus
1655 2795 1794 2841 sedulc,

1700 2883 1789 2913 Con·

774 2956 1795 2978 Μ

488 3011 523 3047 ·)
564 3011 649 3051 ¹·34·
689 3021 712 3043 c.
739 3019 784 3047 ις.
