2080 3343
281 321 460 390 buerant,
494 306 707 392 &maium
735 352 851 396 quam
864 349 946 393 quae
967 333 1073 376 credi
1093 332 1253 389 poss'ent,
1283 337 1324 377 in
1336 334 1667 391 gloriam-'Roma·'

280 425 421 455 norum
435 414 903 471 praedioever'ant,.1..ivius
923 408 1009 450 satis
1032 407 1149 468 habet
1171 408 1361 461 adjecisse:
1390 424 1466 453 rem
1478 426 1573 466 osque
1586 408 1658 465 dff-

266 483 404 536 ficilem
424 499 532 543 atque
554 485 797 544 incredibilem
827 483 867 527 in
890 471 1009 533 majus
1034 483 1108 537 (ut
1121 481 1194 537 fit)
1221 482 1455 534 celebrantes,
1504 482 1659 527 vidoriae

279 559 425 603 navalis
447 561 472 615 >(
481 555 623 617 quippe
635 559 754 619 rarae)
784 549 918 598 vanum
938 554 1082 598 titulum
1093 553 1308 609 appetivere.
1338 557 1387 606 δε)
1574 568 1579 574 ·

426 633 655 688 Ubicunque
678 642 813 672 natura
836 633 1046 684 regionum
1075 640 1251 670 accurate
1277 627 1440 670 indicata
1453 630 1569 672 dubia
1582 629 1660 673 tol-

279 703 378 759 lere,
410 706 488 750 ubi
500 704 709 749 delineatio
736 701 878 771 aliquid
901 702 1110 761 explicare,
1151 703 1189 744 ἃ
1208 698 1401 744 lectores
1389 716 1431 743 in
1457 717 1540 745 rem
1557 704 1661 761 quasi

279 781 498 835 praesentem
515 778 717 820 transferre
732 779 878 832 potest,
905 771 1037 819 Livius
1052 778 1141 818 sane
1155 765 1260 817 clarat
1275 777 1536 830 expofitioni,
1538 776 1663 819 ‘Medio

280 866 444 911 rumque
470 853 642 896 suavitati
664 864 861 908 nunquam
882 852 935 893 ita
956 851 1076 903 deest,
1126 852 1221 907 quin
1249 847 1430 904 fingulari
1453 864 1572 906 opera
1599 866 1661 897 res

280 927 394 982 ipsas,
422 928 577 982 quafiin
591 936 668 981 qua
686 923 968 979 tabulapistas‚
1006 923 1130 966 oculis
1144 922 1360 976 legentium
1373 922 1555 976 subjiciat.
1584 924 1661 973 st)

428 1002 489 1040 Sic
511 1002 552 1040 in
566 1012 711 1052 genere
723 1000 765 1040 in
779 997 896 1058 rebus
910 995 1097 1039 miraculo
1121 994 1306 1038 similibus
1329 997 1539 1039 referendis
1556 1009 1660 1040 natu·

280 1083 382 1121 ram,
418 1071 508 1113 &id
523 1071 630 1127 quod
644 1071 692 1112 ad
706 1071 825 1114 fidem
836 1072 874 1112 ὅτ,
893 1069 1189 1126 persuafionem-
1198 1069 1332 1109 referri
1346 1068 1489 1123 posset,
1528 1072 1660 1125 potius

280 1143 467 1199 sequitur,
499 1157 613 1199 quam
627 1158 748 1195 nova,
777 1146 815 1185 δε
827 1142 968 1201 indista
983 1142 1083 1193 aliis,
1111 1141 1173 1182 vel
1186 1140 1438 1196 amplitudine
1453 1143 1518 1185 sua
1531 1145 1569 1185 δι
1583 1157 1661 1185 ma·

282 1217 502 1270 gnificentia
525 1218 720 1272 stuporem
739 1204 934 1269 injeekura.
1008 1219 1146 1271 Neque
1166 1213 1224 1256 illi
1250 1214 1364 1256 aliam
1378 1214 1496 1258 ullam
1509 1216 1563 1258 ob
1578 1231 1664 1261 rem

280 1288 452 1331 Valerius
466 1291 603 1331 Antias
620 1300 697 1331 tam
711 1289 815 1331 odio
830 1289 904 1340 est,
933 1301 1048 1345 quam
1069 1286 1176 1344 quod
1196 1286 1493 1329 extraordinaria
1506 1289 1663 1343 &lmira

282 1356 439 1415 quicque
467 1365 566 1401 veris
591 1364 759 1415 praefert,
815 1364 852 1402 δε
880 1361 1062 1401 miracula
1090 1374 1223 1401 rerum
1246 1364 1389 1414 captat.

427 1435 558 1476 Livius
582 1433 739 1490 quidem
760 1448 888 1489 neque
907 1435 949 1476 in
971 1433 1234 1488 antiquissimis
1256 1431 1373 1475 rebus
1387 1435 1661 1485 memorandis,

282 1518 408 1561 neque
427 1508 469 1546 in
491 1508 699 1546 recentiori
730 1505 888 1561 quidem
910 1518 992 1546 aevo
1020 1504 1290 1553 describendo,
1326 1504 1569 1560 supersedere
1592 1519 1661 1562 po·

281 1580 351 1621 test
370 1578 646 1623 miraculorum
666 1582 1053 1620 commemoratione.
1115 1565 1214 1619 Nam
1237 1580 1278 1619 id
1298 1579 1423 1619 fuisset
1438 1584 1662 1622 Romanum

283 1664 435 1701 exuere5
455 1652 590 1707 &quae,
621 1644 852 1707 antiquitatis
865 1653 1021 1706 propria
1035 1661 1143 1691 erant
1154 1652 1319 1706 antiquis
1325 1650 1441 1692 rebus
1449 1652 1661 1695 detrahere.

282 1727 426 1765 Contra
447 1724 677 1778 religionem
690 1718 812 1778 porro
835 1723 948 1765 simul
956 1725 1002 1777 ,δι
1026 1735 1162 1765 contra
1184 1724 1303 1764 fidem
1325 1722 1494 1765 austoris
1520 1729 1664 1777 rerum,

280 1797 538 1852 suspicionem
558 1796 743 1851 movisset.
820 1800 864 1837 In
887 1797 976 1850 ipfis
1001 1795 1217 1850 originibus
1238 1794 1342 1837 urbis
1355 1810 1664 1840 commemoran-

283 1870 358 1920 dis,
372 1869 471 1923 **³⁶)
513 1872 555 1910 in
577 1884 708 1911 rerum
729 1868 939 1911 multarum
962 1871 1082 1911 initiis
1103 1882 1152 1910 ex
1179 1867 1411 1910 obscuritate
1438 1871 1662 1925 protrahen-

282 1943 340 1984 dis
356 1942 489 1993 ***³‘·)
521 1943 693 1984 nostrum
709 1942 1003 1997 pudentiorem,
1029 1941 1228 1997 longeque
1242 1945 1402 1983 rationis
1425 1945 1463 1984 &
1494 1947 1663 1987 veritatis

280 2016 509 2071 rigidiorem
527 2014 699 2058 asseclam
713 2015 948 2068 videbimus,
986 2028 1101 2072 quam
1118 2014 1326 2072 plerosque
1340 2014 1447 2059 alios.

1003 2092 1019 2129 1
1049 2105 1072 2131 2
1601 2093 1664 2132 De

357 2163 371 2176 ⁶
432 2163 454 2194 1.
495 2186 500 2192 .
542 2172 565 2192 c.
626 2184 634 2192 .

357 2163 414 2256 ⁶3)
451 2171 494 2247 Εἰ
519 2170 624 2256 quan?¹
634 2216 767 2256 plurimis
791 2215 892 2256 passim
920 2215 1029 2253 injestis
1051 2215 1310 2253 denne-tionibus,
1347 2215 1393 2246 hie
1416 2218 1507 2247 modo
1534 2217 1565 2248 in
1583 2218 1661 2249 Italia

471 2273 609 2305 itinerum
629 2272 813 2311 Hannibalis,
852 2274 939 2304 unius
956 2282 1009 2313 per
1027 2272 1117 2312 Alpes
1135 2273 1154 2303 1.
1173 2283 1219 2306 21.
1258 2283 1283 2304 c.
1307 2279 1351 2310 18.
1384 2273 1500 2305 alterius
1517 2285 1553 2305 ex
1574 2276 1661 2307 Cam-

472 2331 554 2369 pauiu
572 2329 608 2358 ad
626 2330 726 2359 urbem
746 2330 766 2358 1.
788 2331 834 2360 26.
867 2338 891 2358 c.
915 2336 962 2360 11.
1022 2329 1083 2357 Prae
1100 2329 1160 2358 aliis
1175 2337 1339 2358 exterarum
1360 2331 1516 2369 regionum
1540 2330 1661 2372 descrip-

471 2384 612 2425 tionibus,
650 2382 734 2426 supra
753 2384 932 2423 memoratis,
989 2384 1080 2416 modo
1100 2381 1201 2424 finitum
1219 2385 1302 2416 illum
1323 2383 1493 2428 descriptum
1513 2397 1659 2420 memora-

471 2443 576 2479 bimus,
596 2452 648 2482 per
665 2451 753 2482 quem
774 2444 809 2480 Q
821 2442 946 2474 Marcius
957 2441 1108 2482 Philippus
1126 2443 1158 2472 iu
1171 2442 1371 2473 Macedoniam
1391 2452 1556 2482 pervenerat
1573 2445 1593 2475 Ι.
1613 2455 1662 2483 44.
1675 2484 1694 2505 .

473 2509 498 2531 c.
519 2508 547 2532 2.

354 2554 430 2594 ⁴⁹⁶)
469 2556 489 2585 1.
511 2564 537 2588 ι.
546 2585 549 2588 ,
558 2566 584 2587 c.
606 2564 634 2595 3.
667 2552 769 2595 Julam
784 2554 920 2596 quidem,
946 2565 1034 2596 quem
1056 2552 1143 2593 Julia
1162 2565 1229 2595 gent
1241 2556 1384 2587 auHorem
1395 2557 1516 2587 nominis
1523 2556 1577 2599 firi
1586 2567 1661 2588 nuu-

469 2617 572 2650 cupat‚
591 2612 622 2642 in
634 2610 776 2643 honorem
789 2611 937 2651 Juliorum
950 2611 1106 2642 narrationi
1116 2608 1173 2641 suae
1183 2611 1287 2643 intexit
1295 2636 1304 2651 ,
1328 2612 1407 2643 addit
1418 2622 1506 2644 vero:
1524 2614 1589 2654 quis
1601 2623 1663 2645 rem

471 2674 532 2698 tam
551 2674 676 2699 veterem
686 2675 741 2708 pro
753 2676 833 2700 certa
846 2667 992 2709 affirmet?

356 2725 408 2741 ⁰·
417 2725 452 2763 ”)
491 2724 622 2755 Martem
627 2722 730 2764 stirpis
743 2727 859 2757 incerte
865 2732 983 2766 patrem
1002 2732 1163 2766 nuncupat,
1187 2727 1256 2767 quia
1269 2725 1349 2756 Dea:
1360 2728 1447 2765 culpae
1460 2729 1561 2758 auem·
1574 2719 1658 2759 bobe-

466 2778 540 2821 stt'or
552 2779 633 2811 Rbeae
647 2779 741 2811 Silvia
758 2791 825 2816 ciat.
864 2783 886 2814 1.
909 2790 934 2814 1.
972 2792 996 2814 c.
1016 2792 1044 2821 4.
1084 2782 1121 2814 Et
1139 2781 1176 2813 fic
1192 2782 1245 2813 alia
1261 2780 1321 2812 fere
1340 2783 1447 2814 omnia.
1587 2822 1592 2827 .

357 2840 391 2878 ·)
430 2838 450 2870 1.
473 2846 496 2870 ι.
517 2847 542 2868 c.
563 2843 590 2874 8.
609 2847 653 2867 me
665 2836 747 2867 haud
753 2839 872 2878 poenitet
884 2849 981 2871 eorum
986 2840 1135 2882 fintenriae
1143 2837 1206 2882 effi,
1221 2840 1274 2881 qui
1288 2850 1351 2871 non
1364 2850 1400 2871 ex
1413 2843 1537 2882 augurio
1559 2853 1658 2874 num·-

476 2903 542 2925 rum
554 2893 687 2925 littorum
702 2892 854 2926 duodecim
867 2895 1031 2933 deducunt,
1052 2906 1152 2928 verum
1170 2907 1206 2928 ex
1217 2897 1352 2929 Hert-uria
1367 2897 1516 2930 arcessunt.
