2080 3343
282 1042 355 1075 Piso.
392 1051 395 1054 “

472 449 594 498 ribuS‚
626 443 927 503 quem'prae'aliis
949 444 1056 501 sequi
1074 450 1187 487 ame't.
1245 442 1369 487 Credit
1383 444 1417 487 ei
1436 447 1583 501 potius,
1624 458 1740 502 quam
1758 447 1856 489 Piso·

471 523 511 563 ni
529 522 754 576 antiquitate
777 530 953 560 ceterum
977 520 1181 574 proxim03
1194 516 1242 572 *)
1299 532 1389 559 nam
1405 532 1653 577 praeterquam
1666 518 1773 575 quod
1789 533 1856 573 an*-

471 592 606 647 tiquior
621 594 693 643 est,
721 591 983 647 probabiliora
999 596 1115 634 etiam
1129 593 1235 643 sunt,
1264 579 1347 647 quae‘
1365 594 1509 635 refer-tm
1549 597 1594 636 Et
1607 595 1637 636 fi
1651 585 1804 649 quando
1817 595 1858 647 in

474 665 590 709 rebus
611 666 725 720 gestis
746 666 958 720 referendis
981 664 1071 707 alibi
1087 675 1237 721 reperta
1251 678 1295 707 ex
1306 677 1400 707 vano
1419 665 1564 719 hausta,
1603 680 1669 722 quo
1683 664 1793 709 nimis
1805 663 1857 707 in·

478 738 617 781 clinam
626 735 991 793 fermeftribentium
1013 737 1149 789 animi,
1177 740 1298 779 vitare
1310 736 1417 787 vult,
1444 750 1529 781 tum
1550 727 1719 788 Fabium,
1766 722 1861 779 dum

481 809 664 868 aqualem
679 825 770 852 eurn
783 810 917 851 testem
932 813 1049 852 citare
1061 810 1207 865 potest,
1231 808 1448 865 pouffimum
1463 810 1642 854 aiufforem
1656 808 1773 853 habet.
1790 808 1861 865 **)

481 885 573 926 Inde
594 898 616 925 a
641 883 863 939 primordiis
887 887 1020 925 Romae
1034 883 1166 940 'usque
1189 883 1236 928 ad
1256 883 1429 926 medium
1444 882 1590 926 bellum
1604 887 1790 927 Punicum
1810 884 1861 925 se·

480 958 651 1000 cundum
665 957 778 999 illum
796 958 930 999 testem
943 956 1006 998 vel
1020 956 1222 999 auctorem
1238 957 1373 1000 habuit
1382 988 1394 1010 ‚
1428 972 1516 1000 raro
1530 972 1625 1000 vero
1638 961 1861 1001 nominavit.

632 1029 709 1086 Piffi
723 1032 902 1086 antiquus
925 1028 1081 1082 aufior,
1134 1033 1276 1088 quippe
1295 1045 1374 1087 quo
1387 1030 1524 1088 Fabius
1536 1031 1664 1074 Pictor
1685 1032 1862 1073 omnium

482 1103 759 1159 antiquiffimus
795 1103 918 1144 modo
945 1105 1139 1158 antiquior
1173 1105 1307 1154 fuerit,
1323 1103 1428 1153 ***)
1471 1105 1562 1145 inde
1580 1103 1628 1159 ab
1647 1102 1862 1156 originibus

483 1178 571 1232 ipsis
587 1176 774 1230 ingressus
796 1189 857 1217 res
871 1179 1077 1224 Romanas,
1105 1175 1153 1216 ad
1187 1174 1278 1216 belli
1294 1178 1429 1216 Punici
1441 1175 1598 1216 secundi
1617 1175 1736 1216 finem
1758 1186 1864 1217 certe

484 1250 636 1292 videtur
653 1248 855 1291 deduxisse.
884 1247 1015 1293 ΜΗΘΨ)

633 1326 677 1363 In
700 1320 816 1363 rebus
838 1319 985 1362 bellicis
1002 1317 1210 1384 'austorem
1234 1333 1326 1362 eum
1344 1322 1476 1362 Livius
1489 1319 1606 1362 semel
1627 1322 1786 1362 nomine
1802 1320 1863 1361 ad-

485 1395 568 1438 dito
604 1394 828 1449 appellavit,
870 1393 937 1436 ubi
982 1393 1172 1448 prodigiis
1220 1393 1378 1449 quidem
1419 1405 1463 1435 ut
1484 1393 1548 1435 alii
1588 1393 1759 1445 ejusdem
1783 1395 1863 1443 aevi‚

485 1471 602 1510 etiam
618 1481 739 1523 quum
755 1479 887 1508 natura
908 1465 971 1507 vel
992 1464 1239 1521 probabilitas
1261 1468 1388 1508 omnis
1404 1466 1700 1516 contradiceret,
1742 1464 1864 1508 indul-

488 1541 570 1585 sisse
593 1556 683 1583 eum
698 1542 840 1582 indicat
854 1571 865 1591 ‚
907 1552 1083 1582 ceterum
1104 1543 1203 1580 circa
1220 1539 1385 1593 gloriam
1404 1538 1580 1582 bellicam
1596 1543 1866 1583 Romanorum

491 1613 708 1668 augendam
728 1613 850 1667 longe
868 1612 949 1654 aliis
973 1611 1195 1655 auditoribus
1214 1613 1424 1672 modestior
1443 1624 1615 1668 apparet,
1643 1616 1784 1669 quippe
1799 1615 1867 1669 qui

491 1699 590 1728 unus
615 1698 821 1727 numerum
845 1685 1025 1727 cxsorum
1040 1685 1208 1726 hostium
1246 1685 1293 1726 ad
1321 1699 1456 1727 verum
1485 1685 1693 1727 deduxerit.
1723 1686 1767 1737 †)
1821 1688 1867 1728 In

492 1758 608 1801 rebus
625 1757 779 1800 urbanis
793 1769 927 1798 contra
941 1752 1266 1810 magnificentiam
1279 1759 1317 1799 δι.
1330 1758 1478 1799 divitias
1490 1761 1622 1799 Romae
1635 1760 1764 1812 prisea
1777 1771 1866 1813 prae·

490 1844 551 1873 ter
571 1830 960 1878 verisimilitudinem,
997 1832 1034 1871 &
1050 1842 1183 1872 contra
1205 1829 1368 1872 aliorum
1388 1831 1605 1872 testimonia
1625 1829 1795 1872 extulisse
1815 1833 1868 1872 vi-

426 1962 428 1965 .
493 1905 614 1946 detur.
643 1904 722 1957 ††)
778 1907 821 1959 In
842 1903 1114 1945 constituendis
1131 1896 1429 1957 magistratibus,
1459 1905 1687 1960 &quosque
1704 1903 1780 1944 suis
1807 1918 1867 1945 an-

303 2211 333 2243 1„
355 2210 471 2242 Coelius.

494 1981 553 2018 nis
574 1978 801 2029 assignandis
817 1980 870 2017 ita
886 1976 1090 2029 negligens
1108 1978 1200 2026 fuit,
1230 1988 1275 2017 ut
1292 1979 1424 2017 Livius
1445 1977 1603 2026 nesciat,
1651 1975 1869 2018 memo'riane

497 2065 590 2094 eum
604 2052 749 2104 fugerit
763 2052 801 2091 iu
826 2048 1022 2091 annalibus
1038 2049 1273 2104 digerendis,
1317 2064 1368 2092 an
1390 2048 1538 2106 confitlto
1553 2048 1666 2093 binos
1682 2048 1868 2102 consules,

498 2124 611 2166 falsos
632 2136 752 2173 ratus,
788 2124 1067 2164 transcenderit.
1097 2124 1187 2177 †††)

644 2201 685 2238 L.
705 2196 849 2238 Coelium
866 2210 1022 2251 quoque
1040 2210 1123 2238 non
1137 2198 1207 2238 n'ifi
1222 2208 1264 2238 ut
1276 2195 1474 2239 austorem
1481 2211 1622 2248 rerum,
1637 2210 1707 2252 per
1724 2196 1871 2239 bellum
1926 2215 1929 2219 ’

495 2273 682 2313 Punicum
698 2269 908 2311 secundum
924 2270 960 2310 ἀ
974 2268 1080 2310 brevi
1096 2270 1191 2325 post,
1209 2271 1398 2324 gestarum
1413 2269 1540 2312 laudat
1551 2273 1693 2312 Livius.
1738 2274 1783 2314 In
1815 2285 1872 2312 re-

496 2345 571 2384 bus
579 2358 649 2396 per
656 2346 804 2396 primos
813 2345 894 2392 ejus
907 2341 997 2383 belli
1018 2357 1139 2384 annos
1150 2344 1263 2396 gestis
1273 2357 1364 2384 eum
1373 2356 1454 2383 non
1461 2342 1578 2383 semel
1592 2345 1731 2384 refutat
1736 2359 1748 2393 3
1762 2345 1872 2397 ††††)

501 2419 643 2473 quippe
660 2418 783 2471 quiin
798 2413 913 2458 rebus
929 2416 1054 2458 forsan
1071 2431 1092 2458 a
1106 2415 1205 2459 virili
1225 2427 1330 2458 aetate
1354 2414 1651 2467 remotioribuS,
1694 2430 1776 2458 non
1788 2416 1873 2459 satis

1759 2490 1872 2542 fidus,

581 2627 615 2665 ')
655 2626 677 2658 l.
699 2634 724 2659 ι.
765 2633 854 2665 ε.4ς.

578 2684 635 2722 ··)
673 2683 693 2714 L
714 2691 762 2715 22.
800 2693 824 2714 c.
843 2689 872 2722 7.

581 2740 657 2777 w>
695 2740 715 2770 1.
738 2747 763 2772 1.
803 2750 827 2771 c.
846 2748 895 2781 ⁴5·

584 2796 671 2834 ”“’“)
709 2797 728 2827 l.
748 2804 796 2836 ας.
836 2807 860 2829 c.
881 2805 927 2837 39·

520 2875 522 2877 -
585 2851 621 2889 †)
659 2853 680 2883 1.
700 2861 748 2893 ας.
787 2863 811 2884 c.
832 2862 878 2893 39.

587 2907 648 2945 Ἠ)
686 2908 706 2940 1.
727 2917 752 2939 1.
791 2919 815 2939 c.
835 2916 884 2947 ⁴5-

586 2963 672 3003 †††)
711 2964 729 2995 1.
752 2974 779 2997 2.
819 2975 842 2995 c.
862 2970 907 3003 58.
985 2964 1005 2994 l.
1023 2971 1052 3001 9.
1092 2971 1116 2993 c.
1134 2968 1182 2999 44.
1260 2958 1296 2991 cf.
1315 2960 1341 2991 &
1361 2960 1380 2991 Ι.
1399 2970 1427 2994 2.
1466 2972 1489 2993 c.
1511 2970 1556 3002 32,

586 3020 695 3060 ††††)
733 3021 752 3052 1.
771 3029 819 3053 21.
858 3031 882 3052 c.
902 3026 948 3060 38.
1024 3020 1045 3051 1.
1064 3027 1110 3052 ιι.
1150 3028 1174 3049 c.
1193 3018 1241 3055 46.
