2080 3343
312 366 507 434 literarum
534 374 688 432 publice
716 373 907 424 miffamm
934 373 1062 417 verbis
1088 376 1181 427 fuit,
1238 385 1281 417 ut
1308 375 1387 421 haec
1424 371 1553 421 solum
1581 369 1693 426 respi-

313 448 417 490 ciens
433 449 490 492 -fit
516 451 597 493 fere
625 435 731 508 quod
758 451 860 493 dicas
873 481 885 503 ,
911 464 1002 494 eum
1020 446 1107 492 'non
1138 447 1298 492 ductum
1325 445 1541 491 tabularum
1568 446 1690 504 sequi,

311 522 504 565 historiam
519 539 644 582 neque
658 525 809 583 qualem
825 523 895 567 illae
922 519 1294 572 commonstrabaut,
1334 524 1521 576 formare3
1552 532 1690 563 verum

310 598 442 650 potius
466 598 642 642 cunstam
680 599 938 641 narrationem
980 607 1054 651 pro
1081 596 1256 648 ingenio·
1271 604 1414 649 aptare,
1469 598 1507 638 &
1533 592 1581 638 ad
1609 594 1686 637 for·

310 680 434 722 mam,
488 684 603 729 quam
627 672 761 725 judicii
787 670 968 724 sagacitas
995 665 1051 710 illi
1079 666 1435 717 commendaverat,
1485 667 1547 710 vel
1574 680 1692 724 quam

310 744 488 786 Romanae
528 744 784 800 magnitudini
827 739 955 784 debita
982 739 1085 796 quast
1113 742 1310 783 veneratio
1337 740 1511 792 suaserat,
1543 748 1692 782 accom-

310 817 479 859 modare.
542 821 681 872 Longe
708 817 851 872 aequius
881 827 1017 855 verum
1044 814 1095 855 de
1121 812 1191 859 illo
1219 813 1492 866 judicabimus,
1547 814 1578 856 fi
1602 812 1695 870 quid

311 879 398 933 turn
423 893 604 934 homines
634 889 683 932 ab
710 887 870 932 audiere
898 901 1028 930 rerum
1052 891 1364 944 repoposcerint,
1420 888 1457 930 <Sc
1486 887 1598 930 scribi
1627 901 1695 930 vo-

311 963 473 1017 luerint,
536 964 914 1006 consideraverimus.
998 963 1225 1004 Oratorium
1262 975 1363 1017 opus
1402 973 1540 1003 omnes
1579 959 1692 1011 velle,

311 1040 349 1080 &
380 1040 626 1090 tenuitatem,
682 1048 842 1094 quaeffex
869 1045 1080 1091 computo,
1120 1034 1334 1078 rationibus
1352 1034 1546 1077 subtiliter
1575 1034 1692 1077 dedu·

315 1111 457 1162 cendi&
486 1124 568 1166 quae
594 1125 642 1152 ex
655 1095 993 1165 argumentatione
1018 1111 1149 1151 critica
1172 1109 1321 1164 pro‘dit,
1352 1110 1541 1164 spernere.
1598 1111 1693 1150 Ima·

312 1187 446 1239 ginem
480 1187 611 1240 potius
647 1186 767 1235 veris,
821 1183 851 1225 fi
886 1182 1056 1235 daretur,
1112 1195 1152 1224 at
1186 1183 1341 1234 vividis,
1394 1194 1442 1224 ut
1476 1177 1542 1247 qui
1579 1183 1694 1224 maxi·

312 1258 396 1308 me,
453 1254 653 1299 coloribus
696 1256 903 1313 expreffam
937 1258 975 1298 &
1008 1254 1253 1311 Ρετῑεᾶειῑις
1308 1268 1426 1312 quam
1461 1255 1693 1297 lineamenta

312 1332 411 1375 sicca
443 1332 481 1372 &
516 1321 726 1372 subtiliter
736 1330 919 1385 descripta
950 1329 1175 1372 desiderare.
1240 1331 1399 1371 Horum
1437 1330 1593 1386 quaesitae
1627 1341 1694 1371 vo-

312 1401 448 1457 luptati
474 1402 599 1459 aliqua
626 1417 674 1445 ex
698 1414 805 1458 parte
832 1416 914 1445 non
948 1405 1078 1458 poruit
1111 1417 1193 1444 non
1221 1404 1380 1453 servire;
1436 1405 1564 1444 minus
1595 1414 1692 1444 vero

312 1475 371 1517 illi
396 1475 585 1518 tributum
610 1488 784 1532 apparet,
839 1476 870 1517 si
894 1466 1055 1531 propius
1081 1475 1325 1531 spestaven's:
1377 1479 1532 1531 quoties
1562 1479 1695 1517 tamen

313 1550 443 1593 fontes
464 1550 589 1606 supra
620 1548 745 1592 didios
779 1549 932 1601 adierit,
987 1552 1029 1590 in
1064 1560 1260 1605 quemque
1299 1549 1409 1590 usum
1438 1548 1528 1590 inde
1566 1549 1696 1590 hausta

314 1623 541 1665 adhibuerit.
591 1626 744 1683 Qum.
752 1637 840 1665 raro
864 1625 1031 1666 Romani
1057 1622 1261 1677 scriptores
1288 1635 1376 1665 ante
1400 1625 1563 1666 Livium
1581 1622 1703 1664 foede·-

313 1708 401 1738 rum
441 1695 519 1751 ipsst
566 1697 732 1737 carmina
772 1695 1023 1751 inspexerint,
1080 1697 1117 1736 &
1155 1681 1239 1750 ipih‘
1269 1694 1361 1736 inde
1396 1695 1513 1736 verba
1550 1697 1592 1736 in
1628 1696 1696 1737 sua

312 1769 516 1811 transferre
555 1771 740 1820 curarint,
814 1768 986 1811 Valerius
1031 1771 1166 1812 Antias
1216 1768 1397 1824 exemplo
1437 1770 1494 1812 sit.
1587 1768 1698 1830 Qid

311 1842 469 1884 testibus
513 1843 601 1898 ipsis
626 1841 749 1884 literis
788 1844 974 1884 Romanis
1016 1842 1244 1885 celebratius
1291 1855 1390 1893 erat,
1460 1856 1578 1898 quam
1622 1854 1696 1897 pax

311 1919 479 1971 primum
521 1930 611 1956 cum
644 1915 823 1971 Philippo
857 1913 1095 1958 Macedonia:
1131 1930 1224 1970 rege
1260 1915 1385 1963 facia?
1439 1918 1491 1958 Ea
1518 1915 1695 1958 Graecum

312 1989 417 2046 quasi
461 1986 602 2046 orbem.
623 1988 814 2031 >Romanis
848 1988 1008 2042 subiecit
1020 2003 1033 2040 3
1090 2003 1135 2031 ea
1169 1987 1362 2046 reliquum
1392 2002 1552 2032 omnem
1582 1989 1696 2031 terrass

312 2064 399 2106 rum
442 2061 580 2105 orbem
616 2064 777 2118 aperuit.
849 2065 937 2103 Hac
972 2073 1069 2117 pace
1096 2065 1265 2104 Romani
1302 2063 1433 2105 arbitri
1461 2064 1574 2105 sortis
1601 2066 1697 2104 Grae-

313 2152 363 2180 cae
393 2129 589 2195 *libertatis
616 2137 783 2179 fuerant
827 2134 929 2179 faeti.
1014 2136 1124 2199 Quid
1159 2136 1307 2180 facilius
1340 2138 1516 2193 scriptori
1550 2150 1695 2189 rerum,

314 2224 428 2267 quam
463 2211 543 2251 hoc
576 2209 701 2264 ipsum
734 2210 858 2251 foedus
893 2210 1097 2264 inspicere,
1155 2212 1315 2265 ejusque
1348 2209 1458 2265 leges
1486 2225 1578 2252 cum
1617 2211 1696 2252 fide

311 2287 352 2326 in
387 2284 512 2325 suam.
527 2278 789 2327 narrationem
816 2284 1045 2324 transferre?
1104 2278 1250 2325 Contra
1285 2293 1381 2325 vero
1409 2285 1492 2338 egit
1518 2281 1693 2325 Valerius

312 2360 464 2408 Antias,
516 2355 667 2412 aliaque
701 2358 845 2398 omnia·
866 2356 914 2398 de
950 2357 1024 2397 hac
1050 2370 1145 2412 pace
1173 2355 1315 2398 retulit.
1344 2358 1395 2410 ἥ)
1479 2356 1625 2399 Laudat
1652 2356 1695 2398 il-

310 2432 393 2476 lum
420 2444 569 2482 tamen,
629 2432 667 2473 &
702 2432 756 2472 ita
788 2431 951 2484 corrigit
966 2432 1127 2482 Livius,
1187 2431 1293 2487 quasi
1326 2432 1369 2473 in
1402 2444 1445 2473 re
1473 2427 1598 2488 aliqua
1627 2429 1696 2473 dif-

310 2504 404 2548 ficili
426 2503 615 2560 explicatu
643 2504 681 2545 δι
707 2503 957 2555 confirmatu,
1004 2505 1110 2560 quasi
1134 2506 1177 2546 in
1206 2518 1339 2547 errore
1367 2505 1518 2561 aliquo,
1561 2520 1584 2547 e
1612 2519 1693 2562 quo

311 2578 407 2622 non‘
420 2577 532 2621 facile
559 2577 775 2629 emerseris,
818 2576 943 2620 fuiffet
969 2576 1148 2620 versatus.
1203 2580 1351 2623 Nonne·
1365 2579 1455 2622 hoc
1482 2590 1614 2636 aperte
1640 2581 1699 2624 in1
1725 2574 1728 2576 ’

312 2653 428 2704 dicat,
478 2654 664 2709 Romanis
691 2650 938 2708 scriptoribus
964 2650 1109 2693 licuiffe
1136 2653 1174 2693 δι
1201 2652 1251 2695 de
1277 2667 1373 2708 pace
1400 2652 1534 2708 loqui,
1582 2653 1695 2707 cujus

309 2727 420 2783 leges
446 2729 489 2770 in
515 2725 703 2770 tabulario
730 2727 881 2774 senatus
907 2725 1103 2769 affer-iratas
1130 2740 1213 2770 non
1238 2727 1496 2783 {inspexerim
1546 2729 1696 2770 Roma·

1032 2802 1058 2844 F
1089 2819 1110 2844 2
1635 2805 1696 2845 nis

388 2961 423 2999 ·)
462 2961 483 2992 l.
504 2969 550 3001 33.
589 2970 614 2992 e.
633 2969 680 2999 29-

1834 283 1890 329 23
