2080 3343
219 390 282 426 20

415 477 523 517 ante,
565 464 628 507 vel
652 464 775 508 modo
799 442 900 505 cir‘c'a
923 462 1042 504 finem
1062 460 1184 504 saculi
1205 475 1237 502 a.
1256 475 1294 502 u.
1315 465 1651 515 equasti-nomen
1664 471 1685 505 a
1698 461 1802 505 fastu

417 538 655 584 nobiliffimo
671 539 846 589 traxerit,
873 535 943 579 fibi
959 550 1096 592 parum
1113 535 1284 580 constat?
1312 533 1526 576 Candidum
1537 547 1654 585 vero,
1680 534 1807 576 simul·
1835 550 1839 558 v

414 627 492 670 que
501 613 704 655 sollicitam
722 611 1015 661 confessionem,
1035 624 1111 666 qua
1129 609 1248 651 addit:
1277 612 1375 650 Cura
1390 621 1461 649 non
1476 605 1605 664 deeffic,
1622 605 1662 658 fi
1671 621 1743 661 qua
1756 606 1807 649 ad

416 702 541 731 verum
556 686 621 731 via
635 684 875 742 inquirentem
879 686 1028 740 ftrret:
1071 698 1164 727 nunc
1175 684 1293 738 fama
1312 695 1434 725 rerum
1448 678 1618 733 standum
1640 680 1704 734 est,
1746 678 1806 724 ubi

417 774 556 805 certam
573 752 725 813 derogat
738 759 890 811 vetustas
896 758 1024 809 fidem.
1055 758 1102 807 ²⁸⁸)
1168 807 1172 811 .

566 837 613 875 Et
626 833 680 874 fic
703 835 819 874 etiam
837 846 908 887 per
929 835 1089 873 omnem
1101 830 1185 871 fere
1201 830 1300 871 hanc
1320 827 1547 884 periodum,
1576 826 1625 869 de
1639 839 1713 882 qua
1728 840 1807 868 cer·

417 909 518 948 tiora
532 900 745 947 &clariora
762 904 898 946 auctor
911 913 1026 946 verus
1047 903 1275 958 promiserat
1285 932 1295 952 ‚
1324 902 1458 957 paffim
1470 900 1736 943 confitendum
1753 901 1807 941 est

417 979 508 1035 ipfi,
536 977 706 1021 mirabile
721 978 879 1034 quidem
892 977 958 1020 sed
974 977 1066 1019 ideo
1080 990 1162 1018 non
1183 978 1312 1018 minus
1327 988 1463 1018 verum
1477 974 1550 1017 effe
1560 969 1582 1027 ,⁸
1608 972 1745 1027 ambigi
1758 974 1806 1015 de

418 1053 554 1104 rebus,
591 1066 672 1108 quae
701 1053 904 1093 certiffima
917 1051 991 1093 ess'e
1012 1050 1180 1092 debuifl'e
1193 1050 1412 1106 videantur,
1454 1050 1502 1091 de
1515 1050 1673 1091 summis
1688 1049 1807 1100 magi—

421 1125 618 1177 stratibus,
678 1126 727 1167 de
764 1124 975 1167 clariffimis
1011 1122 1204 1175 vidiodis,
1264 1121 1318 1170 δ’
1369 1136 1540 1172 errorem,
1557 1125 1598 1163 in
1628 1122 1690 1162 his
1715 1120 1805 1174 ipfis

420 1201 632 1241 momentis
671 1198 785 1240 alium
819 1196 924 1253 sequi
962 1209 1137 1237 errorem.
1167 1196 1237 1239 ⁴⁶³⁸)
1309 1199 1370 1235 Sic
1413 1208 1483 1247 per
1517 1197 1706 1251 Punicum
1753 1193 1804 1252 se—

420 1272 594 1314 cundum
635 1270 782 1326 bellum
832 1271 879 1312 de
928 1272 1115 1314 ,varietate
1153 1266 1358 1328 austerum
1404 1269 1446 1308 in
1483 1266 1626 1309 diversa
1668 1264 1805 1323 abeun-

420 1347 520 1388 tium
537 1346 728 1399 queritur,
756 1342 837 1397 quis
842 1357 914 1396 pro
930 1353 1023 1383 certo
1036 1339 1217 1394 affirmet?
1250 1320 1358 1394 qumi
1371 1337 1464 1383 alibi
1487 1338 1581 1385 (alia
1594 1341 1724 1380 omnia
1738 1352 1806 1393 pu-

419 1428 478 1458 tes
501 1417 648 1467 dicere)
665 1416 868 1458 inveniam!
881 1415 983 1465 ***)
1015 1414 1187 1457 Similem
1206 1416 1464 1468 ignorantiam
1481 1416 1560 1454 veri
1578 1426 1655 1454 non
1681 1412 1806 1466 potest

418 1504 513 1540 non,
535 1488 598 1531 vel
622 1492 665 1531 in
693 1488 808 1532 rebus
826 1489 929 1531 fama
946 1487 1264 1538 celebratiffimis,
1290 1476 1477 1529 confiteri.
1535 1480 1642 1547 Qid
1656 1485 1811 1539 expedi-.

421 1566 532 1605 tione
548 1565 585 1602 P.
601 1564 790 1616 Scipionis
805 1565 846 1602 in
859 1563 1027 1602 Africam
1043 1560 1105 1601 vel
1123 1560 1279 1611 clarius,
1319 1560 1381 1601 vel
1400 1561 1447 1601 ad
1462 1572 1707 1602 momentum
1725 1572 1806 1601 om—

422 1638 483 1677 nis
512 1633 604 1679 belli
627 1636 809 1686 gravius?
846 1635 883 1674 &
907 1636 1095 1675 tamenin
1115 1634 1328 1674 diverfitate
1357 1635 1521 1674 maxima
1533 1634 1805 1680 narrationum,

421 1718 519 1762 quot
542 1707 674 1759 copias
696 1694 905 1756 trajecerit,
952 1718 1009 1745 eos
1028 1703 1204 1755 audores,
1234 1707 1300 1760 qui
1316 1702 1582 1757 numerumfitae
1594 1702 1804 1744 narrationi

420 1793 491 1837 non
520 1774 717 1827 affecerint
740 1776 1037 1833 circumspestos
1058 1777 1165 1829 dicit,
1184 1777 1280 1820 inter
1302 1775 1389 1832 quos
1409 1790 1465 1818 me
1483 1775 1552 1831 ipse}
1572 1774 1610 1818 in
1632 1790 1673 1818 re
1693 1773 1803 1818 dubia

415 1850 508 1906 poni
536 1850 675 1893 malim.
705 1851 838 1901 ΗΗ)
895 1850 1003 1911 Qid
1023 1862 1159 1892 notatu
1185 1850 1359 1904 dignius,
1403 1850 1496 1906 quid
1522 1863 1643 1904 porro
1668 1863 1805 1890 monn-

423 1928 565 1968 mentis
577 1956 588 1975 ‚
621 1926 658 1965 &
671 1924 954 1979 conscriptione
978 1923 1133 1965 foederis
1155 1926 1279 1978 magis
1299 1935 1478 1965 notatum
1493 1922 1680 1965 obvenire
1697 1935 1804 1977 pote-

423 2009 501 2047 rat,
535 2011 651 2052 quam
678 2011 751 2051 pax
781 2010 872 2037 cum
889 1995 1291 2049 Carthaginiensibus?
1328 1998 1375 2036 Et
1397 2007 1526 2036 tamen
1540 1994 1594 2036 ob
1617 1998 1737 2036 varias
1758 1996 1806 2037 de

425 2068 716 2111 conditionibus
737 2067 955 2128 relationes,
981 2068 1029 2109 de
1058 2068 1131 2108 hac
1156 2068 1233 2122 ipsa
1255 2081 1349 2121 pace
1380 2080 1517 2120 parum
1551 2067 1736 2122 'conuenire
1755 2072 1806 2109 ait

428 2143 566 2185 noster.
585 2141 632 2196 †)
673 2142 781 2201 Qid
796 2140 1027 2196 spoliorum,
1058 2153 1171 2195 captae
1188 2140 1334 2195 prazdae,
1366 2152 1551 2196 quantum
1566 2136 1807 2195 captivorum

425 2230 498 2271 per
515 2214 774 2268 triumphum,
808 2214 937 2254 studiis
960 2215 1103 2255 civium
1127 2215 1299 2268 ipibrum
1322 2213 1577 2264 celebratum,
1606 2215 1734 2266 ,fuerit
1747 2215 1807 2257 de-

425 2286 599 2337 duciunu
620 2301 715 2328 num
725 2286 802 2327 dux
808 2287 988 2337 hostium,
997 2287 1033 2327 &
1041 2287 1208 2341 quidem,
1215 2287 1321 2343 quod
1328 2288 1475 2340 insigne
1484 2287 1601 2329 decus
1608 2290 1808 2345 triumpho

426 2360 633 2411 addidiss‘et,
651 2364 909 2403 exPoenorum
916 2359 1151 2415 principibus
1160 2363 1257 2416 quis,
1278 2375 1348 2416 per
1355 2365 1487 2403 Romae
1504 2362 1619 2415 ipsius
1633 2366 1712 2404 vias
1726 2365 1807 2404 fue-

426 2438 478 2476 rit
495 2433 657 2484 metus,
701 2434 743 2476 id
766 2435 896 2476 nostro
919 2447 1117 2488 nunquam
1129 2434 1177 2475 ad
1191 2433 1382 2489 liquidum
1403 2437 1451 2476 iri
1466 2433 1693 2487 deductum,
1735 2437 1808 2478 fuit

352 2526 366 2533 -·
430 2508 564 2549 visum.
592 2507 672 2560 ††)

1768 2587 1813 2628 In

512 2731 547 2768 ⁶)
587 2729 608 2760 1.
625 2735 656 2770 7.
676 2732 746 2810 cifi-
767 2728 802 2760 cf.
824 2729 843 2760 1.
865 2736 892 2768 8.
913 2740 936 2762 c.
958 2740 1005 2769 ω.
1026 2741 1077 2761 nec
1090 2726 1185 2771 'facile
1204 2737 1246 2766 est
1263 2737 1317 2759 aut
1335 2738 1396 2757 rem
1416 2731 1473 2766 rei,
1492 2740 1545 2762 aut
1554 2733 1693 2764 audior-em
1706 2736 1813 2767 anaor}

627 2776 688 2809 pre
703 2779 776 2799 erre.
1634 2778 1637 2781 '

510 2824 567 2863 ⁶⁹)
606 2824 625 2856 1.
645 2833 673 2863 9.
712 2834 735 2856 c.
758 2833 802 2862 ις.

414 2870 416 2872 ¹
474 2882 476 2884 ’
512 2880 589 2917 ““)
628 2881 647 2912 l·
666 2887 713 2921 27.
733 2908 735 2913 .
753 2892 777 2913 c.
802 2892 828 2914 1.
850 2883 877 2913 ἃ
897 2892 920 2913 c.
940 2889 969 2921 7.
1047 2880 1068 2909 l.
1088 2880 1135 2930 a6.
1176 2888 1201 2909 c.
1227 2880 1269 2911 16,

514 2934 614 2972 ”’·)
654 2937 674 2967 l.
692 2945 740 2976 29.
780 2948 805 2968 c.
824 2947 871 2976 25.

515 2990 555 3030 †)
594 2991 613 3021 l.
634 2999 682 3031 30.
721 3002 745 3022 c.
769 2994 812 3038 ¹.⁶·

515 3045 576 3087 Π)
615 3047 635 3079 1.
656 3057 702 3087 32.
741 3059 765 3081 c.
785 3057 831 3088 30.
