2080 3343
243 1035 321 1073 Libri
333 1036 421 1069 lintei.

441 439 592 491 doreS,
619 440 686 495 qui
703 439 967 491 anteLivium
989 445 1051 480 res
1072 439 1267 481 Romanas
1289 437 1525 494 scripserunt.
1580 428 1719 497 Neque
1734 452 1831 485 vero

439 512 504 554 hic‘
526 511 854 561 memorabimus,
899 525 978 567 quae
1008 510 1162 553 aliunde
1185 505 1321 563 debis
1343 510 1624 567 antiquioribus
1642 510 1749 552 libris
1765 513 1830 553 sci-

438 600 549 637 muS‚
578 586 642 627 sed
668 583 794 628 solum
814 583 905 627 illos
926 588 977 626 ita
1003 583 1281 638 describemus,
1323 584 1453 642 quales
1468 586 1599 627 Livius
1614 582 1728 626 nobis
1749 585 1829 639 pin·

439 656 515 713 git:
574 661 628 700 ita
657 670 701 701 ut
724 672 807 700 non
834 658 1143 714 qualemcunque
1177 657 1338 701 illorum
1365 661 1543 700 notitiam
1568 657 1682 699 nobis
1712 658 1831 699 unde·

439 745 594 788 cunque
620 733 793 774 haustam
821 742 1111 786 comparemus;
1171 745 1310 773 verum
1333 734 1432 773 Livii
1457 733 1643 783 judicium
1667 729 1716 771 de
1740 729 1828 781 illis,

440 804 553 862 quale
566 807 658 856 fuit,
699 804 886 860 explicare
901 804 1127 847 studeamus.
1184 805 1313 848 Modo
1331 807 1435 848 enim
1460 806 1559 847 Livii
1581 804 1630 846 de
1647 802 1722 864 illis
1734 802 1829 857 iudi·

441 881 563 929 cium,
620 880 780 919 tacitum
801 878 906 933 quasi
932 892 979 917 ex
1002 879 1171 928 ratione,
1216 891 1291 933 qua
1313 878 1389 920 illis
1413 880 1548 928 utitur,
1591 878 1829 932 dispicimus;

440 951 563 993 modo
585 951 712 993 verbis
726 950 837 992 claris
854 950 1050 992 redditum
1074 949 1254 1005 legimus.

569 1018 715 1115 fibros
728 1023 867 1074 linteos,
896 1037 996 1079 quos
1010 1022 1173 1066 &libros
1187 1022 1603 1079 magistratuumqvocat,
1634 1036 1760 1079 neque
1774 1026 1827 1064 in-

439 1098 562 1152 spexit
583 1099 707 1151 ipsos,
735 1110 862 1152 neque
877 1096 1100 1151 exemplum
1123 1111 1262 1139 eorum
1277 1112 1392 1139 manu
1413 1097 1750 1154 alius-cujusquam
1767 1096 1828 1137 de-

437 1171 621 1224 scriptum
645 1181 733 1211 ante
752 1169 892 1211 oculos
914 1169 1068 1221 habuit3
1104 1167 1252 1223 periisse
1272 1173 1375 1210 enim
1403 1170 1599 1219 videntur,
1637 1183 1719 1210 non
1748 1172 1827 1223 qui-

439 1243 529 1284 dem
550 1242 733 1284 incendio
757 1240 862 1283 urbis
883 1255 953 1296 per
979 1239 1127 1291 Gallos,
1174 1254 1263 1281 nam
1293 1241 1359 1281 diu
1387 1242 1492 1294 post,
1536 1243 1631 1296 quin
1657 1241 1704 1281 ad
1731 1252 1826 1281 tem-

438 1331 535 1371 pora
560 1316 651 1357 belli
681 1318 814 1357 Punici
842 1317 943 1356 tertii
968 1312 1256 1356 deductamillic
1282 1314 1420 1356 seriem
1436 1315 1727 1368 magistratuum
1755 1328 1824 1370 po·
1854 1349 1859 1351 a

437 1389 547 1431 tuiffe
577 1391 737 1444 reperiri
761 1388 917 1430 constat.
945 1387 1001 1440 *)
1568 1428 1581 1441 ο

586 1465 757 1502 Licinius
784 1475 880 1502 vero
914 1466 1047 1502 Macer
1075 1474 1196 1515 quum
1222 1460 1311 1502 illos
1338 1463 1380 1501 in
1411 1451 1492 1502 aede‘
1515 1459 1686 1514 Monetae
1714 1477 1825 1519 repo·

440 1535 535 1576 sitos
565 1533 875 1584 invenustum)
917 1533 980 1573 vel
1012 1532 1136 1583 solus,
1181 1532 1243 1573 vel
1259 1536 1470 1575 accuratius
1493 1533 1574 1592 aliis
1588 1532 1677 1591 illos
1695 1533 1826 1584 austo-

442 1621 524 1658 res,
551 1610 742 1662 praecipue
764 1610 805 1648 in
828 1605 1106 1660 magistratibus
1134 1605 1181 1646 ad
1209 1606 1299 1648 suos
1322 1620 1499 1666 quosque
1519 1600 1641 1651 annus
1662 1591 1825 1653 referen-

442 1680 516 1731 dis,
560 1679 747 1721 adhibuit.
824 1681 919 1741 Qua
941 1673 1063 1732 igitur
1083 1681 1231 1719 aLivio
1254 1692 1302 1719 ex
1322 1678 1450 1720 linteis
1468 1664 1574 1721 libris
1595 1672 1824 1733 referuntur,

441 1768 524 1798 non
542 1767 590 1794 ex
609 1754 698 1808 ipsis
712 1753 840 1794 hausta
852 1768 874 1793 a
889 1755 1002 1793 Livio
1016 1764 1148 1806 putes,
1176 1765 1314 1793 verum
1335 1766 1383 1795 ex
1403 1754 1565 1798 Licinio.
1620 1758 1758 1812 Neque
1775 1771 1824 1798 an

442 1826 546 1868 aliud
575 1826 688 1882 quid,
730 1837 864 1881 praeter
890 1839 1013 1866 annos
1032 1826 1069 1867 &
1090 1827 1248 1866 nomina
1263 1822 1571 1882 magistratuum,
1593 1828 1823 1872 'obtulerint

438 1903 611 1950 Licinio,
651 1902 783 1941 Livius
798 1899 961 1943 indicat3
1003 1912 1129 1954 neque
1151 1901 1217 1939 ubi
1243 1897 1409 1952 negleffi
1427 1901 1513 1953 post
1531 1904 1724 1945 Licinium
1754 1907 1822 1947 ite·

375 1983 379 1989 ·
440 1988 528 2014 rum
549 1973 730 2015 latuerint
747 1987 795 2014 ex
808 1975 923 2014 Livio
936 1984 1056 2026 patet,
1107 1970 1328 2013 Austoritas
1348 1986 1489 2014 eorum
1510 1988 1605 2017 vero
1625 1978 1666 2016 in
1687 1978 1747 2018 his
1766 1973 1821 2031 ip-

441 2047 491 2088 sis
505 2043 613 2087 annis
638 2047 675 2087 &
702 2045 926 2087 nominibus
951 2045 1109 2085 nonita*
1127 2046 1251 2097 gravis
1267 2044 1341 2088 visa
1358 2044 1449 2095 fuit,
1477 2048 1570 2100 quin
1590 2047 1637 2089 ad
1656 2047 1822 2099 aliorum

442 2121 672 2174 scriptorum
714 2118 1002 2168 auctoritatem,
1042 2116 1165 2171 *⁴⁶³0
1222 2118 1295 2158 ad·
1315 2118 1459 2161 foedera
1496 2133 1576 2174 quae
1620 2114 1821 2175 exstabant,

442 2206 639 2244 revocare,
672 2205 835 2247 eamque
861 2205 909 2232 ex
923 2193 970 2231 iis
987 2186 1215 2231 confirmare
1238 2189 1298 2231 vel
1315 2190 1514 2233 dissolvere
1527 2195 1820 2240 neceffehabue-

440 2269 516 2308 rint
541 2268 578 2308 &
592 2269 763 2307 Licinius
779 2267 816 2307 δι
830 2267 972 2306 Livius.
996 2264 1040 2316 †)
1082 2264 1162 2305 Nisi
1182 2264 1311 2306 dicere
1328 2264 1519 2316 sustineas,
1535 2268 1620 2321 post
1632 2272 1821 2316 Punicum

439 2343 599 2382 tertium
613 2339 759 2381 bellum
776 2338 974 2381 auRorem
1002 2336 1114 2382 illum
1143 2337 1271 2379 vixiffe
1295 2339 1332 2379 &
1359 2337 1482 2381 linteo
1508 2354 1582 2394 pro
1606 2341 1677 2384 alia
1704 2356 1819 2385 mate-

439 2417 496 2456 ria
529 2428 731 2469 perperam
769 2413 878 2456 usum
910 2412 1003 2464 effe,
1059 2426 1141 2454 non
1166 2412 1219 2454 est
1246 2412 1353 2468 quod
1378 2427 1487 2455 unum
1516 2428 1655 2457 eorum
1689 2415 1818 2463 arnsto-

443 2502 528 2529 rem
557 2486 770 2542 perhibeas.
834 2491 869 2529 A
894 2485 1070 2542 pluribus
1097 2489 1332 2538 continuati,
1388 2488 1425 2529 &
1453 2491 1637 2543 quoniam
1663 2492 1816 2536 initium

442 2563 490 2603 iis
519 2560 740 2615 redigendis
769 2560 1026 2617 antiquiffimo
1060 2573 1141 2602 aevo
1170 2558 1313 2603 fastum
1332 2562 1474 2612 fuerat,
1521 2573 1565 2605 ut
1594 2566 1817 2619 antiquitate

1529 2664 1531 2666 -
1597 2636 1815 2692 fimfflooes,

468 2886 471 2888 .
520 2854 560 2892 *)
599 2856 618 2887 1.
639 2865 686 2897 39.
726 2866 750 2887 e.
773 2864 818 2893 5⁸.

521 2911 573 2948 ⁶⁹)
612 2912 631 2942 1.
650 2920 678 2949 ⁴·
719 2924 742 2946 e·
761 2919 790 2952 7·

523 2967 600 3008 “’·)
636 2968 657 2999 1.
676 2977 704 3006 4.
744 2979 772 3002 c.
792 2977 840 3003 ae.

502 3018 557 3062 '†)
594 3024 616 3056 1.
635 3034 664 3063 4.
703 3035 728 3058 e.
750 3034 796 3066 ¹3·
896 3026 916 3058 1.
936 3033 983 3066 39.
1022 3034 1046 3057 c.
1065 3032 1113 3064 5²·
