2080 3343
203 398 266 443 30

400 491 525 532 retur,
559 481 632 522 fuit
653 489 862 521 accuratus.
914 481 1024 541 Quae
1050 482 1189 537 quovis
1225 490 1404 535 tempore
1421 477 1518 522 aedes
1545 477 1607 527 vel
1623 477 1782 534 publiea

402 553 465 596 vel
481 555 658 604 deorum,
701 567 830 609 quaeve
844 553 915 596 alia
929 566 1155 599 ornamenta
1171 552 1512 603 urbi-accefferint,
1554 551 1594 592 id
1615 567 1636 591 a
1654 554 1782 605 primo

403 642 525 684 usque
546 628 593 669 ad
619 626 953 683 quadragesimum
977 631 1155 685 quintum
1176 626 1318 669 librum
1350 640 1399 668 ne
1433 639 1601 680 unquam
1621 624 1784 681 quidem

401 703 541 743 omisrt.
600 705 643 742 In
658 700 957 754 magistratibus,
991 702 1061 743 suo
1077 713 1270 757 quemque
1292 713 1413 750 anno,
1449 687 1679 748 referendis,
1714 700 1783 738 im-

400 789 499 817 moa
516 789 595 831 quo
617 777 803 828 cujusque
819 777 905 815 anni
924 777 1082 816 comitia
1096 776 1238 815 fuerint
1250 772 1397 824 habita,
1425 772 1572 816 etiamst
1581 770 1629 812 ad
1642 784 1785 811 annum

401 848 462 890 vel
493 849 538 890 ad
573 861 720 889 nomen
750 847 1062 889 constituendum
1092 860 1334 904 nequaquam
1364 848 1571 902 pertineat,
1619 846 1783 922 nimium

399 933 584 976 quantum
608 933 738 962 tamen
755 919 882 961 ubivis
896 920 1058 962 laborat
1087 918 1132 974 *)

553 996 613 1035 Sic
635 1008 705 1048 per
721 1007 881 1035 omnem
906 994 1101 1036 historiam
1115 1008 1195 1045 res,
1238 985 1331 1049 quas
1347 1006 1587 1050 nequaquam
1599 989 1785 1048 splendes-

403 1081 490 1108 cere
507 1067 614 1122 poffe
634 1066 824 1122 sperabat,
874 1081 907 1108 e.
925 1081 962 1121 g.
981 1066 1181 1122 prodigia,
1221 1080 1338 1123 aquas
1356 1070 1471 1115 nimis
1488 1065 1636 1116 austas,
1669 1077 1784 1106 anno-

403 1154 494 1181 nam
514 1141 638 1182 modo
666 1152 799 1195 praeter
820 1140 927 1195 spem
946 1139 1089 1192 laxam,
1118 1141 1241 1183 modo
1266 1139 1490 1191 arfflorem,
1531 1138 1782 1194 pestilentiam

401 1226 613 1269 quamque,
648 1226 795 1254 mortes
809 1213 1062 1264 Pontificum,
1092 1225 1179 1254 utut
1194 1215 1291 1263 haec,
1328 1213 1390 1253 vel
1413 1228 1460 1253 ex
1481 1210 1678 1258 annalibus
1691 1209 1781 1258 alios

401 1293 504 1337 ruin,
551 1285 613 1327 vel
635 1300 683 1328 ex
704 1285 809 1327 libris
832 1286 975 1326 diurnis
1005 1286 1256 1341 exquifierat,-
1288 1284 1436 1327 summa
1467 1297 1557 1325 cum
1585 1284 1680 1335 fide,
1719 1283 1781 1326 vel

399 1360 609 1401 sexcenties
636 1359 774 1401 iisdem
798 1357 996 1400 vocabulis
1015 1358 1283 1402 annunciando
1306 1361 1456 1413 repetit.
1511 1357 1631 1401 Dolet
1643 1358 1780 1407 modo,

398 1433 436 1473 se
452 1435 582 1473 nonin
594 1432 780 1474 omnibus
790 1432 980 1483 ejusmodi
990 1430 1105 1474 rebus
1123 1431 1169 1473 ad
1181 1446 1316 1475 verum
1329 1434 1530 1487 pervenire
1536 1430 1709 1487 potuisse.
1725 1440 1740 1458 ⁸
1749 1432 1782 1477 ·)

398 1509 552 1567 Qam,
578 1505 701 1547 modo
717 1504 1162 1565 ingredienshistoriam,
1210 1505 1433 1560 providerat
1455 1518 1633 1560 operam,
1673 1502 1720 1545 ab
1735 1518 1780 1545 ea

398 1581 532 1620 necin
554 1581 709 1634 priseiS,
748 1578 816 1619 ubi
839 1578 1085 1620 difficillimus
1104 1577 1215 1619 labor
1242 1592 1337 1620 eum
1351 1577 1605 1633 exspestabat,
1645 1587 1718 1620 nec
1738 1580 1780 1619 in

398 1653 536 1694 mediis
562 1654 609 1693 δι’
624 1651 872 1702 florentibus,
900 1636 983 1693 ‘nec
1001 1654 1042 1693 in
1065 1652 1261 1693 immensis
1284 1653 1361 1703 jam
1380 1658 1623 1706 peromnem
1639 1649 1779 1693 orbem

396 1725 486 1766 fus1s
507 1725 694 1765 Romanis
716 1724 753 1764 &
776 1723 943 1765 confih‘is
962 1726 1000 1765 &
1019 1723 1153 1774 rebus,
1183 1736 1352 1778 unquam
1370 1724 1463 1778 quid
1489 1723 1776 1772 remifit..***)

396 1797 541 1858 Qoad
562 1799 604 1837 in
617 1795 733 1836 rebus
752 1794 905 1837 urbanis
927 1798 964 1837 δι
984 1796 1202 1837 domesticis
1215 1796 1427 1837 versaretur
1439 1826 1451 1845 ,
1500 1809 1698 1851 nunquam
1725 1799 1776 1837 vi·

396 1870 514 1921 deris,
542 1884 635 1911 eum
653 1868 850 1924 pertaesum
874 1868 948 1910 effe
962 1869 1077 1920 huius
1096 1882 1231 1924 operae.
1301 1868 1653 1924 Neque-diligentia
1667 1872 1709 1910 in
1721 1884 1776 1911 re·

392 1944 466 1986 bus
472 1941 686 2000 peregrinis
695 1942 932 1999 exponendis
941 1941 1219 1997 explicandisve
1227 1941 1358 1985 defuit.
1384 1945 1462 1989 Res
1477 1945 1779 1998 Campanae,·⁸›·.*)

394 2019 578 2071 Hirpinae,
594 2019 760 2065 Bruttia,
772 2015 814 2067 †)
839 2015 1036 2055 Gallorum
1045 2015 1110 2068 ἢ)
1125 2003 1375 2055 &Poenorum
1382 2015 1465 2067 †††)
1475 2015 1669 2056 antebella
1685 2025 1781 2060 curnf

396 2092 583 2131 Romanis
591 2089 777 2142 suscepta,
804 2101 865 2129 res
875 2085 1038 2141 Philippi
1046 2086 1273 2130 Macedonis
1283 2087 1615 2140 domefficae‚††††)
1636 2090 1673 2130 &
1681 2092 1775 2131 Gia-

399 2173 539 2203 corum
557 2162 709 2217 privatae
728 2159 863 2201 eadem
884 2161 965 2205 fere
980 2162 1224 2210 accuratione
1239 2160 1295 2201 illi
1313 2171 1529 2211 narrantur,
1557 2164 1715 2216 quamsi
1729 2164 1776 2204 ad

1700 2240 1775 2280 Ro-

471 2372 506 2409 '')
549 2371 682 2402 Omnium
707 2378 809 2414 prope
820 2372 936 2404 annales
962 2374 1058 2412 (quos
1084 2373 1173 2414 igitur
1196 2373 1268 2403 eirca
1286 2372 1359 2403 hanc
1378 2382 1437 2410 rem
1456 2384 1557 2405 omnes
1574 2373 1777 2416 consuluerat)

591 2430 620 2460 F
620 2429 707 2466 :lnam
727 2430 894 2461 didatorem
912 2437 972 2460 rem
994 2414 1093 2472 gffffi
1114 2429 1355 2471 tradunt.1pse
1372 2432 1439 2461 eum
1459 2442 1522 2463 non
1536 2431 1709 2465 distatorem
1728 2420 1781 2465 secl

593 2486 787 2517 Prodie‘iatore
804 2485 1114 2525 fuisse,exqu1sv1ffe
1133 2485 1184 2517 fibi
1204 2487 1325 2518 videtur.

471 2541 532 2579 n)
571 2541 592 2573 l.
612 2550 641 2573 2.
661 2552 684 2572 c.
711 2551 759 2579 4ο.
784 2542 819 2572 id
841 2541 984 2581 publicum
1005 2541 1160 2582 confilium,
1198 2554 1237 2574 an
1256 2543 1404 2587 muliebris
1422 2545 1512 2574 timor
1529 2543 1634 2584 fuerit,
1669 2553 1776 2587 parum

592 2597 710 2627 invenio.
753 2595 835 2627 clm
852 2612 891 2620 -
908 2610 946 2622 —-
964 2595 998 2628 cf.
1019 2599 1038 2628 1.
1058 2605 1086 2637 7.
1106 2609 1128 2629 c.
1146 2602 1175 2631 6.
1582 2639 1585 2642 .

473 2652 547 2690 ''')
587 2653 607 2682 1.
632 2660 656 2683 1.
677 2653 782 2693 praefat.
822 2653 998 2684 facturusne
1021 2660 1112 2694 opera
1127 2655 1253 2693 pretinm
1263 2655 1321 2694 fim
1340 2669 1379 2682 ‹—
1412 2663 1462 2685 ηει-
1474 2656 1550 2697 fiatis
1570 2658 1650 2699 stim
1689 2670 1740 2691 nec
1751 2661 1783 2698 fi

580 2708 689 2750 stiam,
737 2709 830 2741 dicere
853 2709 947 2750 atfim.
975 2724 1013 2747 -ψ
1072 2710 1126 2741 Res
1150 2709 1188 2751 est
1212 2709 1337 2751 immmfi
1360 2709 1457 2749 operis.
1484 2713 1517 2744 cf.
1537 2715 1564 2746 3„-
1581 2714 1775 2755 pmfationem

593 2765 660 2796 libri
680 2775 729 2807 31.

474 2823 570 2859 ·“’·)
607 2823 626 2852 l.
646 2830 675 2860 4.
692 2832 718 2852 c.
735 2832 784 2859 44.
824 2824 842 2853 1.
861 2830 907 2864 23.
929 2833 953 2854 e.
974 2832 1002 2855 2.
1043 2833 1066 2854 c.
1085 2830 1113 2861 ς.
1155 2833 1179 2854 c.
1200 2833 1227 2858 7.
1266 2832 1292 2855 ς.
1314 2832 1358 2863 15.
1395 2836 1422 2858 c.
1442 2835 1487 2866 35.

475 2879 513 2916 †)
551 2879 570 2909 1.
589 2887 636 2919 23.
677 2888 700 2910 c.
725 2886 751 2911 ι.
822 2879 849 2929 Ι1.
870 2886 917 2919 27.
958 2889 984 2910 c.
1009 2887 1055 2917 ις.

478 2932 541 2970 ††)
581 2935 600 2965 1,
622 2943 647 2973 ς.
687 2944 710 2966 c.
734 2941 777 2974 17.
855 2936 874 2965 l.
896 2943 923 2973 ς.
963 2945 986 2965 c.
1009 2942 1054 2973 34.

479 2990 565 3027 †††)
604 2991 623 3020 ¹·
645 2997 671 3028 3-
693 2991 718 3020 ἅ
738 2999 769 3026 4—

480 3045 586 3084 ††††)
625 3045 643 3076 l.
663 3047 712 3078 26,
751 3055 774 3075 c.
794 3053 843 3084 25.
922 3046 942 3076 Ι.
963 3052 1006 3085 ²7·
1046 3053 1069 3076 e.
1093 3054 1136 3085 31.
1215 3047 1232 3077 l.
1254 3058 1300 3089 39,
1341 3052 1358 3080 i,
1378 3060 1424 3088 40,
1448 3052 1554 3091 pamm,
