2080 3343
246 381 298 427 14

278 484 304 513 G
307 483 366 512 τεεί

598 459 751 505 Graec'os
765 463 971 518 scriptores
990 462 1121 505 nullos
1141 465 1183 504 in
1207 469 1587 508 commemoratione
1599 477 1729 506 rerum
1746 466 1838 505 anti·

251 535 409 578 scriptores.
449 538 579 594 quitus
595 537 788 592 gestarum
810 535 948 579 laudat.
1005 534 1192 579 Acilianos
1209 535 1364 598 annales
1386 550 1435 578 ex
1457 538 1638 581 omnibus
1652 540 1835 594 primum,

447 614 485 653 ἀ
513 625 588 666 prae
617 610 802 653 omnibus
828 623 1004 652 accurate
1025 609 1221 665 inspexisse
1244 610 1406 651 videtur.
1476 614 1613 667 Neque
1640 624 1710 653 eos
1731 610 1835 666 ipsos

420 690 423 692 '
448 687 593 736 Graeca,
622 696 666 726 ut
683 685 855 737 fuerant,
885 684 1018 740 lingua
1033 697 1247 740 conceptos
1259 694 1347 725 ante
1361 681 1500 725 oculos
1515 683 1669 735 habuit3
1699 699 1835 728 verum

449 773 499 801 ex
519 759 696 801 verfione
721 758 884 800 Claudii.
940 761 1038 800 Eum
1067 761 1189 810 enim,
1207 760 1256 805 jn
1283 757 1526 812 expositione
1550 756 1780 812 proeliorum
1792 761 1835 814 in

448 834 595 875 Punico
617 831 787 873 secundo
805 829 911 873 bello
926 827 1031 873 duan
1045 831 1086 873 L.
1103 828 1244 873 Marcii
1265 823 1571 882 commiffortufi,
1587 829 1740 873 annales
1753 829 1834 874 Aci-

445 904 563 946 lianos
577 916 621 944 ex
636 905 758 944 Graeco
774 903 813 944 in
828 902 1000 945 Latinum
1010 902 1210 959 sermonem
1225 903 1361 961 verttffl
1376 904 1427 960 ἥ)
1455 903 1607 946 indicat.

597 977 715 1019 Addit
738 978 895 1032 quidem
911 978 1156 1032 magnificam
1172 980 1336 1020 omnino
1357 980 1543 1020 Romanis
1563 980 1677 1020 armis
1691 980 1833 1032 expost-

443 1053 595 1092 tionem
610 1049 824 1093 Acilianam
834 1082 845 1103 ,
874 1050 1047 1095 sed²cum
1063 1066 1108 1093 ea
1125 1052 1379 1094 modestiores
1395 1055 1664 1094 Romanorum
1679 1051 1835 1107 scripto·

445 1139 534 1166 rum
551 1115 759 1165 relationes
780 1127 907 1179 jungit
913 1140 925 1174 3
952 1124 1069 1166 fidem
1086 1125 1212 1168 Acilio
1227 1139 1308 1167 non
1323 1128 1487 1167 omnino
1503 1125 1685 1178 denegat,
1718 1124 1833 1167 dubia

448 1210 579 1238 tamen
594 1198 658 1239 sua
677 1198 862 1251 adjungit.
917 1183 1094 1244 „Iucunda
1121 1199 1159 1238 ὅ(
1177 1198 1303 1238 suavia
1327 1198 1502 1252 quidem,
1531 1185 1653 1238 reletu
1673 1197 1832 1247 Acilius,

447 1283 492 1312 ut
506 1274 676 1326 Graecns,
706 1269 858 1312 videtur
878 1268 1041 1311 sestatus
1061 1269 1153 1320 esse,
1174 1270 1344 1325 ideoque
1358 1271 1395 1310 ὃς
1412 1283 1474 1320 ea,
1518 1282 1598 1324 quae
1618 1270 1742 1311 forsan
1755 1274 1832 1312 Ro-

446 1347 551 1386 mani
578 1344 782 1398 scriptores
796 1357 870 1398 pro
889 1343 954 1384 sua
970 1345 1155 1396 gravitate
1169 1374 1180 1394 ,
1225 1341 1287 1384 vel
1297 1356 1372 1397 pro
1389 1343 1581 1386 annalium
1603 1344 1760 1386 suorum
1779 1343 1831 1385 se·

445 1430 541 1458 vero
554 1447 566 1467 ‚
596 1430 638 1458 ut
651 1410 704 1459 fio
720 1418 894 1466 dixerim,
909 1418 1071 1470 ingenio
1080 1416 1289 1471 spreverint
1305 1415 1365 1456 vel
1382 1416 1639 1470 neglexerint,
1666 1417 1759 1472 saepe
1775 1431 1832 1458 re·

443 1490 579 1534 tulisse.
605 1489 682 1544 m)
738 1491 862 1530 Nimis
875 1489 1042 1541 jucunda
1058 1490 1136 1531 haec
1148 1493 1280 1532 Livius
1306 1491 1510 1541 existimat,
1554 1504 1668 1547 quam
1685 1502 1728 1532 ut
1743 1505 1829 1545 prae·

444 1576 586 1614 tereat3
614 1577 696 1605 non
718 1563 802 1604 satis
822 1576 843 1602 a
855 1564 1041 1603 Romanis
1055 1560 1278 1604 austoribus
1291 1563 1537 1615 confirmata,
1575 1575 1617 1606 ut
1641 1577 1714 1618 pro
1730 1565 1830 1604 veris

444 1637 587 1680 afferat.

592 1704 742 1763 Legiffe
754 1709 905 1748 Graecos
924 1706 960 1747 se
976 1705 1014 1747 ὃ(
1026 1703 1258 1761 comparasse
1274 1720 1365 1749 cum
1379 1710 1522 1750 Latinis
1545 1708 1635 1750 inde
1653 1709 1830 1750 aPunico

442 1783 614 1826 secundo
630 1781 756 1832 bello,
779 1781 873 1835 saepe
892 1780 1035 1821 indicat
1048 1782 1190 1821 Livius.
1256 1784 1317 1822 An
1333 1782 1501 1823 eundem
1522 1781 1689 1823 Acilium
1701 1779 1772 1823 sub
1790 1775 1833 1822 ilss

442 1857 574 1901 lorum
589 1856 758 1913 plurium
778 1857 938 1898 nomine
957 1868 1031 1896 una
1047 1854 1372 1909 comprehensum
1387 1854 1497 1907 velit,
1530 1871 1577 1898 an
1594 1870 1731 1897 omnes
1743 1870 1831 1911 prae-

443 1928 503 1972 ter
526 1944 646 1972 unum
668 1929 767 1991 adeo
784 1929 935 1982 spernat
957 1931 1131 1977 Ornos,
1169 1938 1214 1968 ut
1234 1930 1394 1969 nomina
1417 1942 1556 1970 eorum
1571 1930 1710 1970 addere
1726 1927 1831 1969 redle

442 2003 689 2059 supersedere
702 2014 836 2057 queat,
869 2014 951 2042 non
962 2000 1217 2054 perspicuum.
1255 2003 1441 2042 Ceterum
1456 2001 1556 2042 bene
1570 2001 1715 2043 multos
1739 2017 1831 2045 eum

442 2075 575 2129 legisse
592 2086 757 2129 apparet.
785 2073 890 2125 *³⁸²2
946 2076 1083 2128 Neque
1100 2086 1194 2113 vero
1212 2073 1445 2124 eossolum,
1474 2077 1555 2129 ‘qui
1584 2074 1633 2115 de
1659 2073 1831 2117 rebusin

447 2152 588 2190 Graecia
603 2145 738 2199 ἢῆ)
767 2145 882 2199 gestis
897 2146 1139 2199 scripserant,
1183 2146 1365 2200 inspexit;
1399 2161 1535 2189 verum
1556 2150 1671 2189 etiam
1694 2147 1742 2189 de
1756 2152 1830 2190 Ro·

444 2224 569 2263 manis
591 2222 629 2262 ὃ(
648 2222 737 2260 viris
762 2221 800 2259 &
818 2216 934 2259 rebus
949 2230 1121 2271 agentes.
1148 2217 1195 2273 †)

592 2298 724 2335 Unum
740 2304 870 2333 tamen
887 2306 935 2332 ex
952 2305 1118 2332 numero
1135 2295 1356 2334 Graecorum
1375 2291 1598 2344 melorum,
1632 2307 1705 2350 prae
1719 2297 1830 2350 igno-

440 2367 646 2411 bilioribus
668 2365 773 2422 quasi
796 2380 818 2407 a
837 2365 970 2408 nostro
985 2363 1230 2417 habitorum,
1257 2365 1464 2422 distinguit.
1521 2365 1702 2424 Polybium
1726 2370 1832 2424 secuti

1770 2444 1830 2500 fig..

1147 2538 1281 2548 ——n—...

517 2594 530 2606 ’
593 2592 614 2624 1.
635 2601 654 2624 2
677 2614 684 2622 .
725 2600 748 2622 c.
768 2599 786 2623 2
809 2613 816 2620 .

517 2594 575 2687 ἆ)
618 2600 723 2682 (adalia
749 2599 807 2678 no?
829 2646 953 2678 αηιδιτι
980 2649 1076 2680 dicere
1104 2658 1248 2684 amamus,
1287 2648 1421 2687 exemplo
1447 2647 1495 2678 fit:
1535 2649 1569 2679 P.
1596 2651 1736 2689 Scipionis
1762 2662 1830 2684 cum

635 2704 784 2737 Annibale
803 2707 1000 2747 colloquium.

519 2764 595 2801 *⁵⁰)
634 2763 654 2793 l.
675 2772 723 2802 3²·
745 2774 770 2796 c.
788 2766 817 2795 6.

521 2819 618 2856 ''¹’·)
661 2817 765 2868 Cfeeri
780 2820 875 2851 Groeci
894 2818 1048 2860 Latinique
1066 2816 1194 2847 auctores
1213 2822 1332 2856 quorum
1350 2816 1460 2857 quidm
1478 2828 1524 2858 ego
1542 2817 1598 2858 legi
1616 2818 1749 2858 annales,
1787 2822 1828 2851 ni.

638 2875 680 2905 hil
699 2878 885 2907 memorabile
904 2887 920 2906 a
939 2876 1031 2906 Villio
1052 2874 1146 2904 astum
1167 2873 1297 2903 tradunt.

521 2928 561 2968 Τ)
600 2931 620 2962 l·
641 2940 687 2970 ¹39.
725 2941 750 2963 c.
772 2941 819 2971 50.
850 2934 887 2964 de
907 2929 1124 2971 comparatione
1148 2929 1224 2959 inter
1246 2927 1504 2970 Philopoemenem,
1541 2932 1716 2965 Annibalem
1742 2935 1768 2965 ἃ
1795 2935 1826 2965 Ρ,

638 2988 800 3027 Scipionem
822 2989 949 3019 instituta
970 2987 989 3016 1.
1010 2995 1055 3025 3²·
1077 2995 1101 3016 c.
1121 2987 1150 3017 6.
1178 2984 1211 3015 cf.
1231 2986 1258 3014 ἃ·
1277 2985 1312 3015 de
1329 2988 1509 3026 navigatione
1528 2990 1558 3019 Ρ.
1580 2990 1719 3029 Scipionis
1738 2989 1758 3019 1.
1779 3000 1824 3027 29.

638 3052 663 3076 c.
679 3052 725 3082 ⁸7·
807 3044 827 3076 1.
844 3053 895 3085 39.
934 3053 958 3075 c.
984 3051 1030 3083 50.
