2080 3343
400 498 448 528 ne
464 467 557 540 quid
576 485 670 526 sacri
678 486 910 537 irrepertum
923 481 1169 544 relinqueret,
1180 486 1311 525 omnia
1322 484 1452 527 moliri
1468 489 1784 541 eumoportebat.

397 552 522 602 Prima
547 571 642 600 vero
664 555 868 599 moliendo
896 556 933 597 &
954 558 1111 612 potiora
1151 556 1197 618 ad
1229 556 1397 612 speciem
1420 556 1682 620 segregandoj
1709 557 1715 561 “
1736 575 1795 609 nev

396 633 625 687 pretiofiora
654 630 917 686 sanffi’tioraque
945 630 1130 672 obrueret
1149 633 1186 673 δε
1208 630 1414 684 obtegeret
1431 641 1559 674 metus
1588 644 1668 674 erat
1676 648 1688 683 3
1730 638 1786 677 In-

398 707 626 759 gensigitur
647 718 738 746 eum
749 718 838 746 cura
856 703 1131 755 circumstabat,
1160 718 1208 746 ne
1222 703 1333 745 aliam
1349 702 1483 757 longe,
1512 716 1627 759 quam
1644 719 1725 761 quae
1741 720 1786 748 re

398 792 489 819 vera
504 778 628 820 fuerat
643 780 764 819 totius
778 774 945 831 speeiem
960 777 1013 818 ex'
1025 774 1419 830 partibui-destrustis,
1450 778 1489 818 &
1503 777 1682 829 disjed'cis‚
1714 793 1787 821 eve

398 849 639 906 conjestura,
666 849 723 890 sui
746 848 955 899 forssmjaevi
979 840 1210 902 experientia
1226 839 1431 906 nixusfibi
1450 849 1626 904 fingeret.

546 927 638 963 Haec
647 933 888 976 reputantem
905 922 1097 963 deterrere
1110 936 1131 963 a
1145 918 1419 964 'conscribenda
1432 918 1587 965 historia
1602 924 1709 979 plura
1716 940 1785 980 po-

394 997 564 1040 tuiffent:
596 1007 702 1037 erant
717 1007 847 1036 tamen
861 996 979 1036 etiam
996 994 1186 1052 quaedam,
1212 995 1352 1052 quibus
1369 1007 1456 1043 tuto
1473 1000 1542 1039 niti
1557 997 1626 1040 fibi
1640 999 1783 1040 videre-

396 1083 470 1113 tur.
527 1072 702 1124 Suscepit
720 1057 826 1109 eni'm
842 1082 960 1120 onus;
1002 1071 1039 1110 &
1060 1071 1241 1125 quicquid
1256 1071 1614 1113 molestiarumvvitae
1630 1074 1711 1113 fere
1725 1084 1782 1113 to-

397 1148 474 1187 tius
493 1143 655 1198 spatium
670 1144 770 1183 ferre
792 1155 837 1182 ac
851 1144 927 1195 pati
942 1141 1077 1196 posset,
1093 1144 1185 1185 huic
1203 1146 1269 1185 uni
1291 1144 1506 1186 rei'tribuit.
1563 1144 1780 1202 QuodYqui-

399 1219 487 1259 dem
510 1229 592 1257 non
624 1215 787 1266 fecisset,
830 1216 899 1255 nifi
922 1214 1154 1268 dispartiret,
1198 1217 1235 1256 se
1255 1216 1361 1265 lugius
1380 1218 1493 1269 operae
1502 1215 1781 1275 fadurumf'qffe

389 1288 562 1344 pretium.
618 1292 757 1342 Neque
777 1301 872 1328 vero
895 1301 939 1327 ea
961 1287 1045 1340 spes
1067 1300 1158 1327 eum
1180 1288 1373 1339 sustinuit5
1425 1290 1511 1329 fore
1540 1278 1779 1344 ut‘unquam

394 1363 454 1412 id,
485 1360 591 1416 quod
607 1360 683 1402 fide
698 1361 780 1402 fine
799 1363 1028 1416 exceptione
1045 1359 1206 1414 dignum
1229 1361 1571 1415 foret‚.-1inveniat;
1601 1364 1705 1414 fore,
1734 1375 1778 1406 ut

379 1433 503 1490 facile
515 1434 567 1484 id,
596 1434 703 1488 quod
718 1433 921 1474 verisimile
938 1433 1045 1488 quod
1058 1433 1190 1475 multis
1203 1433 1403 1488 probabile
1418 1436 1534 1487 foret,
1564 1438 1776 1487 constituat.

545 1510 691 1549 Contra
707 1521 776 1561 per
791 1509 997 1548 maximam
1020 1500 1141 1549 totius
1160 1510 1287 1561 operis
1304 1492 1452 1563 partem
1468 1510 1579 1565 saepe,
1608 1511 1645 1551 &
1661 1524 1708 1551 ex
1719 1513 1773 1552 in-

362 1614 366 1616 »
394 1586 496 1625 timo
511 1582 619 1623 sensu
635 1579 864 1630 confitetur,
892 1593 1027 1620 verum
1044 1582 1205 1621 inveniri
1231 1579 1342 1635 plane
1358 1596 1439 1623 non
1451 1582 1567 1637 poss'e.

543 1656 715 1697 Primum
735 1653 814 1705 ipse
840 1653 1047 1705 periodum
1076 1664 1218 1702 totam,
1270 1667 1397 1708 neque
1416 1654 1480 1697 illa
1498 1655 1623 1698 brevis
1648 1660 1686 1699 «Sc
1707 1662 1775 1699 cir-

393 1726 620 1781 cumscripta
629 1735 720 1774 erat,
749 1726 894 1775 eximit,
923 1737 1037 1780 quarn
1052 1738 1133 1766 non
1154 1724 1360 1781 historiam,
1385 1739 1519 1767 verum
1534 1729 1773 1781 conjefturas

395 1802 596 1842 continere
617 1796 831 1852 profitetur.
899 1800 1012 1838 Initio
1036 1800 1155 1859 igitur
1174 1798 1353 1850 historiae,
1383 1800 1484 1854 quast
1510 1813 1589 1856 quo
1614 1807 1736 1858 capite
1751 1820 1773 1846 a

392 1873 544 1930 reliquo
567 1886 733 1927 corpore
749 1871 940 1926 separato,
981 1883 1156 1914 truncam
1172 1871 1244 1913 hac
1271 1871 1336 1914 sua
1356 1886 1464 1934 parte
1480 1872 1665 1931 reliquam
1688 1885 1770 1921 mo'-

392 1947 471 1989 lem
487 1946 678 2002 relinquit.
962 1933 965 1935 i
1135 1995 1138 1998 v
1465 1989 1481 2002 θ

541 2022 612 2061 Per
640 2021 794 2060 Livium
829 2021 949 2071 igitur
969 2016 1081 2067 licet,
1124 2020 1293 2073 quinque
1316 2020 1464 2072 primos
1482 2018 1603 2061 libros
1630 2027 1770 2076 operis,

394 2098 625 2149 quamquam
640 2104 799 2144 magnae,
822 2092 907 2146 quis
929 2091 1071 2146 negat?
1103 2090 1301 2142 industriae,
1319 2089 1525 2133 multarum
1540 2091 1772 2138 lucubratio-

394 2179 490 2207 num
504 2167 647 2207 fuerint
662 2163 827 2213 fruetus,
874 2164 1034 2204 eosdem
1050 2178 1144 2204 vero
1170 2165 1216 2205 ad
1244 2165 1360 2205 fidem
1384 2164 1500 2206 exiles
1523 2168 1559 2207 &
1586 2167 1662 2218 illi,
1703 2174 1770 2224 qui

392 2251 495 2280 certa
515 2239 703 2293 sequitur,
744 2235 1052 2290 prorsus'inanes
1082 2237 1330 2279 considerare.
1415 2241 1576 2290 Nescio,
1621 2255 1668 2282 an
1693 2243 1794 2294 ulla,

390 2314 520 2367 operis
535 2312 617 2361 ejus
630 2320 738 2364 parte
754 2320 829 2349 tam
839 2322 937 2362 aegre
947 2323 1076 2350 carere
1091 2309 1275 2362 velimus3
1303 2313 1435 2351 nescio
1449 2325 1496 2352 an
1512 2312 1579 2353 ulli
1596 2313 1658 2355 alii
1671 2320 1769 2370 parti
1787 2279 1835 2378 ἓ

389 2386 476 2441 plus
493 2385 640 2437 ingenii
656 2397 736 2424 non
752 2385 793 2423 in
807 2383 1041 2425 inveniendo
1052 2414 1065 2435 ,
1095 2397 1182 2424 nam
1198 2384 1362 2425 reddidit
1376 2397 1456 2438 quae
1478 2390 1646 2440 reperire
1661 2389 1768 2432 daba-

391 2470 466 2509 tur,
497 2456 618 2498 sedin
634 2454 901 2497 constituendo
911 2454 1110 2497 tribuerit?
1135 2455 1271 2497 Verbis
1284 2456 1475 2498 vincendo
1490 2457 1633 2511 saneid,
1662 2464 1768 2517 quod

391 2543 523 2573 natura
545 2530 609 2570 sua
630 2541 767 2579 tenue,
813 2527 938 2579 exile,·
972 2530 1008 2569 &
1035 2533 1156 2583 prisea
1187 2533 1410 2586 antiquitate
1438 2532 1638 2574 horridum
1675 2549 1768 2589 erat,

387 2606 440 2648 ita
457 2603 651 2660 implevit,
686 2601 800 2654 aluit,
834 2604 1001 2652 ornavit,
1028 2615 1071 2644 ut
1086 2603 1180 2645 nihil
1202 2600 1392 2657 ejust'nodi
1408 2617 1536 2647 rerum
1550 2610 1686 2660 majori
1701 2625 1767 2653 vo-

388 2679 534 2735 luptate
563 2681 731 2735 unquam
761 2677 890 2731 legiffe
913 2678 1073 2717 fatearis.
1136 2680 1282 2719 Totum
1314 2679 1366 2718 est
1390 2678 1589 2733 aequabile,
1630 2695 1766 2737 aptum

384 2742 630 2808 ¹temporibus
659 2755 695 2794 &
710 2751 845 2803 rebus;
887 2749 1023 2792 duetus
1044 2765 1173 2792 rerum
1193 2752 1381 2804 gestarum
1399 2753 1449 2793 est
1471 2756 1522 2795 ita
1543 2756 1764 2811 probabilis,

389 2829 427 2868 &
450 2830 684 2868 conveniens
698 2813 818 2868 sensui
835 2828 1040 2880 cujusque,
1084 2836 1126 2864 ut
1146 2823 1237 2864 dum
1253 2823 1368 2877 legis,
1411 2827 1524 2877 nihil,
1577 2842 1625 2869 ne
1641 2829 1763 2872 dicam

389 2902 552 2949 certius,
597 2913 815 2953 congruum
839 2898 971 2940 saltem
994 2899 1118 2948 magis
1146 2895 1241 2936 nihil
1266 2897 1366 2941 aliud
1385 2898 1518 2952 legere
1532 2906 1763 2945 memineris.
1783 2921 1787 2925 ·

391 2972 464 3015 Sed
491 2973 521 3015 fi
536 2974 634 3013 circa
649 2985 838 3027 quamque
852 2971 1235 3030 narrationisqpartem
1254 2970 1366 3014 dubia
1383 2980 1555 3026 movere,
1586 2976 1615 3018 s1
1629 2979 1764 3030 prima,

1734 3053 1763 3094 fi
