2080 3343
0 2761 19 3126 ‹ww-„w-
0 2750 1 2756 ⁴

600 1303 878 1391 candorem,
907 1343 1061 1386 nifi'me
1082 1346 1213 1385 omnia
1234 1342 1386 1396 fallunt,
1427 1348 1559 1390 Livius
1580 1361 1633 1391 eo

702 1501 887 1547 quantum
898 1493 991 1530 civis
1010 1493 1125 1530 Rom.
1137 1490 1178 1530 id
1196 1490 1329 1544 poffet,
1354 1505 1490 1534 verum
1503 1494 1635 1535 dicere

259 1565 514 1617 fuiss‘etausus3
532 1566 638 1622 quod
648 1580 696 1616 ne
704 1579 818 1622 quam
832 1567 960 1619 gratiae
971 1564 1239 1619 suspicionem,
1255 1578 1303 1606 ne
1314 1578 1427 1621 quam
1434 1566 1634 1610 simultatis

257 1638 529 1681 manifestasset.
582 1641 665 1688 Jam
686 1638 901 1690 videamus,
944 1650 1038 1679 num
1060 1637 1176 1679 fidem
1189 1635 1292 1679 illam
1306 1638 1524 1682 historicam
1543 1655 1631 1697 prz-

258 1714 351 1754 stare
370 1715 600 1768 potuerit&
617 1711 803 1762 voluerit,
847 1725 891 1752 ne
913 1710 1000 1764 quid
1008 1709 1107 1763 falfi
1124 1710 1239 1752 dicere
1261 1711 1427 1754 videatur
1445 1715 1560 1769 ausus.

407 1790 503 1849 Quae
532 1785 747 1839 adjumenta
772 1788 813 1828 in
840 1782 1095 1839 eonfignanda
1123 1783 1276 1827 historia
1303 1784 1501 1841 habuerit,
1536 1802 1632 1845 quo·

257 1862 380 1904 modo
395 1863 441 1900 iis
456 1860 503 1899 fit
528 1859 634 1916 usoS,
676 1861 714 1899 &
730 1859 822 1914 quid
841 1858 931 1898 inde
951 1856 1133 1900 effcfium
1150 1858 1339 1909 videatur,
1391 1861 1448 1901 hae
1465 1863 1631 1918 quaestio-

257 1950 326 1978 nes
348 1949 414 1976 me
433 1935 509 1983 jam
529 1942 761 1986 occupatum
776 1929 972 1972 tenebunt.

403 2005 520 2049 Primi
535 2003 743 2058 adjumenti
756 2001 848 2046 loeo
861 1999 965 2045 reste
980 2015 1171 2059 ponemus
1183 2013 1420 2064 'quacunque
1434 2016 1522 2051 ante
1536 2022 1629 2053 eum
1641 2042 1643 2045 ψ

257 2085 306 2125 de
319 2081 433 2123 rebus
460 2085 726 2121 Romanorum
754 2078 874 2119 literis
885 2080 1034 2119 fuerant
1053 2080 1236 2119 mandata.
1301 2084 1405 2122 Bene
1427 2083 1549 2125 mul‘ta
1562 2099 1630 2126 vo-

254 2153 474 2211 luminalilli·
492 2152 749 2210 conquirenda
770 2150 982 2196 evolvenda
994 2151 1119 2203 fuisse,
1160 2154 1236 2205 jam
1258 2167 1346 2197 ante
1365 2171 1449 2199 rem
1470 2161 1642 2215 exquifi-v

252 2244 331 2274 tam
363 2227 654 2284 suspicabimur,
703 2239 823 2283 quum
853 2228 985 2268 omnia
1004 2240 1074 2281 per
1096 2225 1226 2268 saecula
1252 2228 1357 2273 urbis
1379 2232 1545 2273 condita:
1576 2235 1625 2275 ci-

254 2307 360 2347 vium
371 2303 597 2352 interfuerit,
610 2315 739 2343 rerum
753 2300 1155 2341 domiconstitutarum
1172 2302 1210 2341 ἀ
1224 2303 1320 2343 foris
1335 2306 1525 2356 gestarum
1544 2320 1623 2347 me-

255 2379 419 2440 moriam
447 2374 495 2415 ad
521 2375 694 2440 posteros
721 2384 942 2423 transmitti,
986 2375 1199 2429 Quumque
1226 2375 1319 2416 item
1339 2375 1448 2429 plura
1475 2391 1545 2433 per
1566 2379 1625 2420 fie-

253 2450 362 2491 cula
352 2462 428 2501 Jam
442 2435 560 2488 rrxulti
589 2451 692 2488 cives
719 2437 779 2489 δι
777 2437 896 2488 exteri
915 2448 957 2487 in
981 2459 1032 2486 eo
1047 2448 1264 2486 navaverint
1279 2460 1458 2502 operam,
1504 2463 1548 2492 ut
1571 2466 1623 2494 ne

252 2522 344 2580 quid
366 2532 582 2563 memoratu
603 2520 710 2574 digni
732 2535 814 2564 non
843 2519 962 2563 literis
987 2519 1283 2572 consignaretur.
1366 2524 1623 2567 Enumerandi

250 2600 369 2651 igitur
390 2595 475 2636 sunt
503 2592 653 2635 annales
665 2624 677 2645 ‚
700 2593 865 2650 librique
881 2597 1016 2650 prisci,
1046 2594 1292 2636 enumerandi
1307 2596 1423 2639 etiam
1441 2601 1536 2642 varii
1557 2612 1618 2639 au-

972 2672 1058 2735 ,,ᾼ.
1114 2722 1141 2735 ,,
1366 2669 1400 2728 .’
1478 2666 1640 2735 stores?

700 1416 813 1460 nobis
840 1416 1086 1472 probaverat,
1138 1417 1244 1471 quod
1287 1420 1328 1459 in
1369 1419 1526 1462 historia
1554 1421 1633 1473 sua,
1690 1469 1696 1473 ,

1697 2022 1825 2058 Annaieu

1695 2088 1813 2112 veteres.
