2080 3343
0 64 12 145 ⁴¹&oe

3 3162 11 3175 ‹-
0 3097 6 3121 ν»
2 3063 9 3089 n,
1 3047 7 3053 2
0 3000 9 3030 ron-
0 2885 10 2986 ’.μηνυτὴν

304 460 400 492 ante
429 449 567 494 oeulos
591 452 776 505 habuiffe,
795 494 802 498 ,
820 452 883 497 vel
913 450 994 496 asta
1018 467 1039 495 a
1060 452 1189 496 senatu
1210 453 1404 507 inspexisse
1424 454 1610 496 videatur.
1639 450 1689 506 ἱ“’)

312 524 364 562 lta
387 524 424 564 ἁ
445 524 647 579 rogationes
668 527 890 580 nonnullas,
931 531 1033 570 inter-
1045 541 1139 583 quas
1151 529 1191 569 ἀ
1203 526 1327 577 illam,
1364 541 1440 583 qua
1455 539 1634 569 mortuus
1647 528 1687 567 P.

310 598 436 651 Scipio
459 600 582 641 fuerat
608 602 823 650 inceffitus,
860 600 976 641 verba
997 604 1166 640 retinens
1191 598 1311 652 press'e
1332 601 1384 640 est
1406 597 1688 655 sequutus;**)

307 670 519 718 Literarum
533 672 593 725 vel
606 673 654 715 ad
669 674 842 729 senatum
861 671 986 725 ipsum
1006 671 1200 721 datarum,
1229 669 1288 711 vel
1304 684 1466 726 quarum
1480 674 1632 714 mentio
1645 672 1689 712 in

308 740 438 785 senatu
465 746 580 790 fuerit
600 743 716 796 sardia,
752 746 829 795 jam
847 743 978 798 saepius
994 745 1182 784 meminit.
1238 746 1300 783 Sic
1313 744 1444 783 medio
1461 743 1565 784 bello
1579 746 1688 785 Puni-

309 827 358 856 co
384 816 552 860 secundo
574 817 705 860 literas
726 819 926 862 Praetorum
949 831 998 857 ex
1010 816 1137 857 Sicilia
1158 817 1196 858 δι
1209 816 1377 861 Sardinia
1389 819 1431 856 in
1452 805 1584 856 senam
1602 816 1688 858 τεεί·

305 899 426 936 tatas3
469 891 523 933 sic
552 891 601 937 de
623 891 793 945 exceptis
821 886 1017 947 Annibalis
1040 889 1095 938 ὅ
1114 888 1277 945 Phihppi
1302 888 1440 940 literis,
1485 902 1577 931 cum
1597 901 1691 941 cura

305 962 447 1003 iterum
468 977 490 1003 a
512 963 669 1017 consule
691 960 922 1015 confignatis,
964 965 1007 1003 in
1027 963 1166 1004 -senatu
1186 962 1295 1004 fuisse
1315 961 1537 1003 consultum
1556 964 1690 1015 &per-

307 1032 592 1077 cunstationem
623 1035 670 1077 ad
701 1049 834 1076 earum
855 1032 1198 1087 duaumffadhm,
1215 1078 1217 1081 ,
1233 1046 1437 1077 memorat.
1467 1032 1570 1084 ***)
1626 1036 1688 1085 Sia

307 1119 356 1146 ex
375 1109 559 1161 Hispania
578 1121 600 1149 a
614 1106 876 1170 Scipionibus,
914 1121 961 1148 ex
974 1107 1098 1148 Sicilia.
1121 1107 1169 1168 ab
1189 1110 1242 1148 T.
1255 1106 1426 1148 Otacilio
1438 1110 1688 1161 Propraetore,
1735 1135 1740 1138 -

305 1167 476 1221 indidem
500 1195 521 1220 a
542 1185 597 1221 M.
611 1181 798 1223 Marcello
807 1199 817 1233 ς
858 1195 907 1222 ex
921 1179 1040 1222 Gallia
1053 1167 1223 1222 latarum
1241 1179 1295 1220 ob
1310 1178 1511 1238 vistoriam
1527 1178 1689 1233 inspera-

305 1262 404 1302 tam,
441 1267 488 1294 ex
505 1247 689 1308 Hispania
711 1255 872 1296 tristium
886 1253 942 1295 ob
965 1253 1113 1294 cladem
1136 1240 1205 1294 sub
1222 1249 1456 1306 Proconsule
1477 1262 1687 1305 acceptam,
1722 1294 1724 1298 ,

304 1335 389 1365 tum
401 1327 451 1365 T.
461 1324 634 1385 Qinffli
643 1324 863 1378 Flaminini,
889 1326 944 1369 ob
958 1321 1158 1368 vistoriam
1181 1323 1230 1366 de
1245 1322 1424 1380 Philippo
1440 1335 1688 1379 reportatam,

303 1411 386 1439 non
406 1401 448 1439 in
469 1398 600 1441 senatu
618 1411 766 1441 tantum
777 1430 789 1452 ,
821 1401 886 1443 sed
898 1402 995 1443 &in
1015 1393 1272 1442 concionibus
1288 1400 1533 1439 recitatarum
1551 1397 1686 1453 memi-

303 1474 371 1513 nit.
401 1469 535 1526 *ἢῆ
588 1469 633 1513 In
649 1484 752 1514 tanta
772 1472 971 1525 brevitate,
1001 1487 1116 1530 quam
1129 1476 1298 1515 retinens
1314 1486 1395 1514 non
1411 1471 1481 1512 nisi
1496 1471 1687 1512 summam

302 1544 519 1595 literarum,
550 1546 588 1586 δι
607 1559 652 1587 ea
668 1560 748 1601 quae
770 1553 862 1588 cum
875 1547 1014 1589 ordine
1027 1561 1158 1588 rerum
1172 1545 1364 1599 gestarum
1388 1560 1411 1585 a
1433 1545 1473 1585 se
1495 1544 1686 1597 descripto

304 1621 576 1669 convenirent,
615 1607 751 1670 refert,
795 1633 842 1661 ex
856 1613 934 1661 issis'
951 1619 1072 1661 literis
1091 1632 1173 1660 non
1192 1616 1399 1669 dijudicare
1413 1615 1546 1667 datur,
1593 1629 1689 1656 num

301 1691 382 1745 ipse
398 1690 517 1732 ullum
533 1677 667 1732 earum
687 1689 885 1733 literarum
899 1691 1095 1746 exemplar
1108 1696 1408 1746 unquam‘manu
1430 1691 1611 1739 tenuerit,
1639 1702 1689 1729 an

300 1765 355 1805 ita
376 1763 558 1817 scriptum
582 1777 603 1804 a
625 1762 788 1805 ducibus
811 1762 918 1807 fuisse
941 1779 988 1806 ex
1002 1761 1222 1820 probabili,
1264 1761 1326 1803 vel
1349 1761 1512 1817 probata
1533 1760 1688 1803 aliunde

300 1832 431 1889 rerum
488 1836 584 1877 serie
637 1834 858 1890 collegerit,
948 1835 1025 1878 vel>
1042 1848 1175 1878 natura
1219 1832 1319 1876 duce
1359 1828 1523 1876 finxerit.
1582 1835 1687 1876 Non·

298 1922 495 1965 nunquam
548 1906 678 1949 tamen
734 1909 1026 1964 discrepantiam
1078 1908 1254 1963 aliquam
1291 1904 1513 1958 literarum,
1560 1906 1684 1960 vulgo

300 1982 390 2038 inde
412 1996 434 2023 e
456 1982 581 2024 castris
605 1982 653 2024 ad
674 1980 878 2025 familiares
892 1984 1037 2026 Romae
1062 1979 1249 2036 degentes
1265 1979 1469 2036 datarum,
1518 1994 1541 2039 a
1562 1978 1684 2036 publi-

299 2057 356 2096 cis
369 2054 514 2096 ducum
527 2051 648 2095 literis
660 2055 789 2096 refert.
846 2044 1054 2110 Copiosius
1073 2048 1199 2096 immo
1213 2048 1262 2094 de
1276 2051 1435 2094 'istarum
1450 2066 1685 2107 argumento

298 2126 519 2184 loquendo,
558 2129 595 2169 ἀ
616 2138 755 2183 quanta
779 2124 987 2179 audioritas
1008 2125 1084 2169 iliis
1112 2115 1174 2167 vel
1203 2129 1245 2167 in
1259 2126 1391 2168 senatu
1405 2126 1521 2168 fuerit
1544 2127 1686 2179 habita,

266 2256 269 2259 ⁴
300 2201 668 2264 commemorando,
690 2197 858 2255 'speciem
874 2202 979 2258 quali
997 2202 1091 2251 fert,
1122 2200 1163 2241 se
1176 2213 1315 2241 eorum
1332 2201 1511 2241 notitiam
1537 2210 1687 2243 accina-

298 2277 441 2315 tiorem
456 2271 634 2313 habuiffe.
676 2276 737 2312 An
747 2271 838 2313 inde
855 2269 1061 2322 efficiatur,
1094 2263 1229 2324 talium
1243 2269 1441 2311 literarum
1455 2272 1538 2312 a'tvo
1553 2272 1684 2314 austo—

297 2350 350 2389 ris
368 2348 493 2388 adhuc
509 2343 684 2400 exempla
699 2342 777 2400 effe·
792 2345 953 2405 sertata,
996 2343 1060 2385 alii
1080 2333 1255 2385 viderint.
1315 2343 1504 2398 Equidem
1525 2359 1608 2387 non
1628 2359 1682 2390 te÷

297 2417 406 2462 mere
430 2421 509 2461 hoc
529 2418 816 2468 contenderim,
862 2412 1094 2474 quamquam
1117 2405 1242 2458 modo
1261 2414 1462 2459 literarum
1497 2418 1681 2473 singulari

1588 2506 1682 2536 cum

318 2670 324 2676 .
373 2643 410 2680 ')
448 2643 469 2674 1.
487 2652 534 2682 23.
575 2653 598 2675 c.
620 2652 672 2677 πο.

372 2700 431 2736 ·’)
470 2700 490 2729 i.
511 2705 558 2739 38.
597 2691 621 2730 c.
644 2707 691 2739 5⁴.
746 2699 901 2731 Celebrate
918 2700 975 2731 illoe
994 2700 1032 2731 de
1050 2699 1117 2740 lege
1136 2696 1233 2740 oppia
1251 2702 1397 2731 oratione·
1415 2701 1474 2730 huc
1492 2708 1589 2731 tamen
1609 2701 1678 2733 ideo

486 2764 551 2786 non
568 2755 737 2798 referende,
774 2757 912 2798 quoniam
931 2765 996 2788 non
1011 2756 1098 2788 verba
1115 2764 1267 2788 oratorum
1290 2757 1376 2787 illum
1395 2755 1517 2787 tenuiffe
1534 2765 1661 2797 apparet.

373 2814 452 2851 ···)
493 2814 512 2844 i.
531 2822 580 2853 ²3·
619 2820 708 2854 038.

374 2870 477 2908 ·*··)
502 2869 536 2900 -1.
557 2873 606 2908 ας.
646 2878 670 2901 c.
690 2875 741 2907 ⁴8·
836 2869 856 2902 i.
875 2878 924 2906 n.
963 2879 990 2902 e.
1008 2870 1055 2911 5⁶·
1150 2869 1172 2899 i.
1192 2876 1249 2910 25μ
1280 2879 1305 2903 c.
1326 2878 1354 2910 ς.
1454 2870 1473 2901 i.
1503 2878 1552 2911 32-
1592 2880 1618 2903 e.
1635 2878 1682 2912 3».

486 2926 508 2957 1.
527 2934 574 2966 33.
613 2935 638 2957 c.
659 2935 707 2964 Μ.
764 2937 789 2960 e.
810 2936 858 2967 ας.
935 2926 955 2959 1.
974 2935 1024 2966 40·
1062 2936 1088 2958 θ·
1111 2934 1160 2966 43·

1019 3009 1054 3048 G

1829 364 1883 412 25
