2080 3343
243 384 264 410 a
279 370 316 411 ste
330 368 445 414 lestas
460 372 665 428 fignificat,
693 378 836 433 quique
863 374 1008 423 ex‘jllis
1029 386 1307 429 nonnunquam
1328 384 1557 429 argumenta
1571 371 1620 415 ad

242 444 544 509 confirmandum
572 448 727 506 aliquod
757 448 900 490 fastum
925 448 1110 498 desumit,
1129 447 1178 499 ²¹¹⁵)
1212 446 1387 489 historica
1401 450 1483 500 ejus
1499 460 1620 503 opera

241 517 339 559 adeo
352 519 533 574 negligit,
566 523 690 578 deque
705 521 780 562 illis
794 531 944 561 tantum
954 520 1041 560 'non
1056 522 1220 560 omnino
1240 516 1349 560 filet?
1391 520 1497 563 Illam
1513 522 1618 576 equi—

241 591 331 632 dem
347 594 491 636 caulam
514 596 620 637 fuiss'e
634 605 752 649 puto,
790 592 898 648 quod
912 593 1073 635 Catonis
1087 589 1230 632 libriin
1252 595 1429 633 omnium
1443 593 1505 634 vel
1512 596 1619 637 Livii

181 668 183 671 ’
242 664 436 719 aequalium
450 669 530 709 fere
545 665 721 720 manibus
736 676 863 715 erant,
905 666 943 706 ἁ
959 665 1066 721 quod
1083 667 1149 720 qui
1166 667 1207 705 in
1222 666 1382 706 Catonis
1396 664 1512 705 verba
1527 679 1548 705 a
1560 669 1621 705 Li-

241 738 307 779 vio
325 742 483 793 repetita
498 730 729 789 it‘fcidiffent,
771 737 895 779 modo
933 740 1048 780 nimis
1064 737 1316 793 discrepantia
1330 752 1351 778 a
1364 740 1532 779 Livianis
1557 736 1622 779 illa

241 814 427 865 reperturi
443 811 610 864 fuiffent3
641 824 767 867 neque
789 824 882 852 vero
898 811 996 853 adeo
1009 811 1224 865 deteriora,
1256 814 1350 867 quin
1365 811 1411 852 ad
1427 814 1621 853 Catonem

240 883 363 938 ipsum
377 885 415 926 se
429 886 571 927 referre
591 886 628 926 δε
648 885 725 939 ipsa
747 887 906 925 Catonis
922 884 1059 935 verba,
1103 896 1190 926 utut
1208 885 1335 940 prisco
1356 897 1486 926 tamen
1506 878 1622 926 adm'i-

242 956 349 998 rabili
364 959 535 1012 quodam
571 958 766 1011 vetustatis
811 958 948 1001 colore
1001 956 1172 999 distincta
1218 959 1385 1009 fuerint,
1443 960 1620 1013 praeferre

241 1041 412 1071 amarint.

386 1124 439 1175 Q
452 1121 688 1178 Ennium‚qui
696 1124 908 1174 Romanos,
933 1122 1163 1176 Latinasque
1177 1118 1305 1162 literas
1313 1119 1474 1172 amabat,
1502 1131 1622 1163 nemo
1642 1119 1680 1155 Θ*
1700 1121 1821 1153 Ennius.

239 1193 419 1245 ignorare
440 1206 603 1248 poterat.
657 1185 794 1251 Neque
814 1198 945 1238 Livius
960 1210 1051 1238 eum
1067 1196 1262 1248 ignoravit
1274 1211 1285 1246 3
1333 1193 1538 1244 vindicavit
1551 1207 1621 1249 po·

241 1267 316 1306 tius
331 1264 432 1307 illius
445 1270 674 1325 memoriam
689 1267 736 1309 ab
755 1262 966 1320 oblivione,
993 1269 1085 1310 dum
1103 1269 1348 1324 monumenti
1375 1269 1480 1319 ejus,
1514 1266 1622 1322 quod

241 1341 336 1379 item
362 1352 662 1383 monumentum
695 1345 808 1398 pretii
830 1357 851 1384 a
871 1340 1107 1398 principibus
1125 1344 1393 1383 Romanorum
1417 1339 1472 1382 illi
1487 1340 1622 1382 tributi

244 1421 342 1463 erat,
398 1413 525 1456 alieno
563 1416 644 1457 fere
676 1414 769 1457 loco
787 1418 1027 1457 mentionem
1058 1418 1189 1466 injicit.
1220 1417 1299 1467 Η·)
1366 1417 1482 1467 Legit
1511 1413 1622 1455 illum

243 1495 320 1526 tam
346 1499 508 1539 attente,
571 1500 614 1530 ut
641 1487 816 1544 praeclare
851 1489 898 1531 ab
929 1488 999 1530 illo
1028 1486 1174 1530 did’tum
1203 1486 1360 1542 aliquod
1391 1479 1635 1542 &pronun-¹

240 1561 396 1611 tiatum,
450 1575 532 1603 non
561 1563 685 1603 modo
708 1574 873 1617 repetat,
934 1563 999 1604 sed
1030 1564 1067 1603 &
1099 1546 1209 1603 muni
1245 1560 1293 1601 de
1323 1563 1373 1619 Q.
1408 1559 1514 1601 Fabii
1543 1564 1626 1601 Ma·

240 1619 335 1672 >timi
364 1646 452 1673 vera
480 1635 517 1674 ὅτ
546 1621 656 1674 unica
670 1634 795 1688 gloria
806 1636 991 1685 judicium
1010 1636 1119 1674 Ennii
1133 1632 1280 1685 judicio
1299 1632 1517 1674 confirmet.
1526 1633 1625 1680 ***)

240 1707 374 1747 Facete
398 1704 542 1748 dictum
556 1721 576 1747 a
591 1712 707 1762 poeta
728 1721 903 1762 repetere
923 1706 1021 1749 salva
1048 1707 1114 1748 sua
1141 1706 1326 1760 dignitate
1345 1706 1481 1760 potest.
1528 1760 1531 1763 .
1550 1705 1625 1747 Sed

242 1791 352 1828 cum,
379 1782 442 1834 qui
468 1779 637 1822 versibus
651 1782 775 1822 fuerat
790 1781 894 1831 usus,
950 1783 1005 1821 rei
1033 1781 1162 1833 gestae,
1211 1793 1292 1834 quae
1314 1779 1528 1833 pedestrem
1549 1779 1622 1820 ser·

240 1864 400 1891 monem
422 1850 631 1893 defiderare
645 1853 815 1902 videtur,
859 1853 994 1894 testem
1017 1851 1268 1894 &austotem
1284 1851 1459 1902 laudare,
1507 1866 1528 1893 a
1546 1855 1623 1893 Ro·

240 1935 356 1964 manae
371 1923 531 1965 historia·
553 1925 737 1978 dignitate
763 1926 800 1966 ἀ
818 1925 1015 1966 severitate
1029 1926 1110 1966 sere
1123 1924 1266 1977 judicat
1277 1923 1457 1965 alienum.

267 2069 269 2071 ι
393 2014 568 2057 Rutilium
588 2018 687 2057 circa
701 2030 805 2067 rem,
840 2031 871 2057 a.
888 2031 926 2070 ¹u.
947 2030 981 2057 c.
1007 2026 1096 2069 569.
1120 2017 1264 2070 gestam
1291 2015 1438 2065 laudat,
1469 2016 1508 2058 ἃ.
1530 2016 1627 2057 testi-

241 2091 418 2135 monium
430 2088 531 2130 illius
547 2089 595 2131 de
609 2090 846 2143 magistratus
861 2089 1061 2141 cujusdam
1086 2103 1182 2130 vero
1210 2103 1314 2131 anno
1338 2104 1429 2131 cum
1460 2091 1627 2132 testimo·

242 2164 313 2204 niis
333 2159 495 2217 Polybii,
526 2163 564 2202 ὅ(
581 2161 719 2202 Valerii
734 2161 846 2202 simul
860 2164 1017 2212 excitat,
1042 2174 1179 2202 verum
1193 2174 1241 2201 ex
1254 2165 1293 2202 Ρ.
1314 2163 1484 2203 Africani
1499 2163 1625 2218 aliqua

240 2238 436 2284 oratione,
464 2234 653 2276 Rutilium
673 2236 710 2275 δι
736 2248 827 2275 cum
844 2247 893 2275 eo
908 2246 1117 2289 utrumque
1138 2245 1317 2288 praeterea
1346 2233 1622 2277 ctiam‘ertoris

242 2306 590 2366 convincittflffl)
631 2311 766 2363 Neque
782 2310 882 2359 ejus,
909 2306 979 2349 sub
993 2307 1064 2348 isto
1087 2309 1248 2348 nomine
1269 2306 1421 2359 saltem,
1451 2321 1622 2364 unquam

192 2401 195 2405 ·
239 2393 421 2437 praeterea
447 2383 637 2423 meminit.
1026 2383 1028 2385 ’

1529 2483 1623 2522 Grae·

360 2723 375 2758 )
414 2722 424 2752 l
455 2727 503 2761 38.
527 2700 555 2752 'c
587 2723 633 2759 56.

380 2778 395 2816 )
434 2777 454 2809 1.
476 2786 521 2818 30.
561 2787 586 2810 c.
605 2777 644 2812 ²6

398 2835 414 2872 )
454 2836 472 2866 l,
492 2843 537 2874 39.
578 2845 594 2866 e
622 2841 659 2874 52

1692 1998 1824 2031 Rutilius.
