2080 3343
250 424 393 483 fiamus,
413 428 461 486 ¹¹)
505 434 575 474 nim
598 432 775 478 incertum
804 433 1008 495 angorem,
1048 448 1124 476 cum
1146 430 1303 477 omnium
1319 433 1573 476 Romanarum
1598 447 1652 476 re·

264 518 365 557 rum,
406 517 483 549 tum
503 506 682 563 praecspue
705 508 743 553 in
759 507 902 552 Graecia
920 508 1111 567 gestarum.
1169 509 1267 547 Rara
1285 505 1371 548 saue
1393 507 1431 548 &
1444 507 1652 563 magnifica

262 577 365 620 laus!
850 628 856 633 ι
941 579 947 584 ”

407 657 440 696 A
475 668 550 712 qua
570 667 697 709 neque
732 652 862 708 postea
881 651 977 708 quid
992 651 1154 694 remittit
1161 665 1174 702 3
1204 654 1345 694 'verum
1359 649 1468 695 illum
1481 652 1520 695 se
1542 652 1650 710 sequi

263 725 459 771 aridiorem
488 732 531 770 in
559 726 675 768 rebus
709 711 930 768 notioribus
946 721 1116 776 Gracia,
1139 723 1214 779 Η)
1261 728 1403 781 quippe
1416 738 1497 781 quae
1518 726 1579 767 vel
1600 730 1643 768 in

262 803 401 844 Graecia
427 801 488 844 vel
509 805 549 844 in
559 801 649 843 Asia
664 799 898 851 acciderant,
926 812 1125 856 nunquam
1142 811 1268 857 negat.
1316 802 1359 841 In
1378 798 1495 841 rebus
1511 799 1558 840 ad
1573 802 1649 841 Ro-

260 886 397 922 manos
418 874 656 928 magistratus
672 875 928 927 pertinentes,
971 874 1118 914 etiamsi
1147 887 1238 914 cum
1252 876 1438 914 Romanis
1454 872 1649 927 scriptori·
1672 865 1676 867 ’

260 946 333 989 bus
370 947 593 990 consenfiffe
629 949 859 1001 reperiatur,
900 958 1030 1001 tamen
1059 948 1131 988 luae
1158 949 1297 989 rationi
1322 950 1454 1002 potius
1471 946 1649 997 adhaeret,

260 1016 375 1076 quam
391 1020 537 1073 Polybii
555 1008 787 1062 testimonio.
818 1016 936 1071 ἢῆ)
986 1022 1042 1060 lta
1061 1030 1104 1060 ut
1120 1021 1161 1060 in
1182 1023 1396 1062 narratione
1414 1021 1462 1062 de
1481 1019 1645 1062 Anniba-

259 1091 313 1134 lis.
333 1094 374 1133 in
401 1078 547 1133 ltaliam
570 1089 798 1145 transgreffu
813 1093 913 1131 inter
941 1089 1157 1137 multorum
1179 1090 1384 1134 antrorum
1400 1096 1571 1142 nomina,
1592 1107 1643 1134 ne

259 1164 406 1218 Polybii
419 1164 583 1220 ,quidem
605 1178 750 1205 nomen
765 1176 971 1208 memoret.
1027 1164 1188 1206 Videtur
1201 1167 1358 1221 quidem
1377 1164 1489 1215 illum
1508 1165 1582 1207 effe
1594 1166 1646 1208 se-

260 1251 405 1295 quutus
416 1241 457 1279 in
472 1237 739 1280 constituendo
754 1238 902 1279 dierum
918 1251 1082 1279 numero
1090 1252 1103 1287 5
1126 1241 1168 1279 in
1185 1238 1341 1294 reliquis
1357 1253 1470 1289 vero,
1499 1239 1646 1281 etiamst

259 1313 307 1354 ad
321 1298 492 1354 nostrum
506 1311 654 1363 sensum
667 1309 928 1366 probabiliora
940 1312 1082 1362 afferat,
1113 1310 1296 1354 locorum
1309 1314 1346 1354 &
1358 1316 1567 1366 regionum
1586 1312 1644 1353 so-

259 1385 343 1426 lum
356 1385 662 1426 confideratione
677 1396 896 1439 permotus,
924 1388 965 1425 in
978 1384 1050 1426 alia
1072 1379 1235 1436 omnia,¹
1259 1386 1479 1441 diversaque
1498 1400 1520 1426 a
1533 1384 1643 1438 Poly-

262 1457 382 1501 bianis
399 1458 489 1501 abit.
1404 1475 1406 1477 ’

410 1536 546 1593 Qum
566 1524 627 1574 res
642 1534 863 1573 Gtaecorum
883 1531 970 1586 post
991 1534 1157 1587 primam
1185 1545 1276 1573 cum
1296 1531 1474 1587 Philippo
1496 1529 1643 1573 factam

258 1620 407 1660 pacem,
429 1619 550 1661 quum
570 1605 693 1647 Persei
709 1604 854 1646 bellum
874 1607 1009 1657 refert,
1037 1604 1228 1658 singulare
1252 1605 1343 1659 quid
1358 1608 1457 1645 Livii
1476 1606 1642 1645 narratio

261 1677 387 1719 habet.
456 1680 631 1718 Primum
662 1679 875 1718 accuratius
893 1676 1014 1730 longe
1029 1676 1088 1717 vel
1105 1680 1146 1717 in
1159 1679 1317 1717 minutis
1338 1676 1457 1717 rebus
1479 1688 1642 1717 omnem

258 1765 388 1793 rerum
404 1750 595 1805 gestarum
609 1748 975 1800 ordinem-exhibet,
1019 1748 1140 1805 qualis
1155 1751 1253 1798 fere,
1289 1752 1331 1791 in
1350 1748 1466 1791 rebus
1483 1749 1642 1805 quidem

258 1823 557 1876 recentioribus,
591 1839 648 1866 ex
669 1822 856 1883 relatione
876 1822 1090 1866 Consulum
1107 1824 1144 1865 &
1171 1823 1317 1866 ducum
1342 1823 1539 1866 desumtus
1555 1836 1637 1865 non

260 1899 501 1946 effeviderur.
529 1896 680 1938 Deinde
689 1894 879 1945 austeres,
894 1896 1087 1951 exquibus
1096 1910 1252 1951 quaeque
1261 1899 1395 1946 hausu,
1414 1896 1639 1938 nominibus

257 1974 333 2015 suis
341 1973 495 2022 referre,
509 1969 678 2013 solitisve
685 1968 915 2024 quibusdam
922 1969 1378 2024 indiciisfignificarefere
1394 1972 1559 2012 omnino
1575 1970 1639 2012 de-

258 2047 357 2089 sinit.
387 2033 725 2097 Graecosigituribi
734 2041 918 2097 sequutus
926 2042 1079 2083 videtur
1087 2041 1274 2096 auctores.
1298 2044 1436 2098 Neque
1444 2043 1535 2085 ideo
1545 2057 1642 2088 vero

259 2123 424 2161 certiora
440 2119 607 2173 quaevis,
650 2117 688 2157 &
705 2116 969 2170 ,constantiora
995 2119 1097 2157 inter
1125 2115 1164 2158 se
1188 2117 1404 2159 testimonia
1420 2116 1644 2173 ubicunque

258 2191 447 2233 adducere
460 2192 599 2243 potuit.
628 2188 766 2249 ΗΒ)

318 2314 346 2330 Ι
406 2266 541 2324 Quem
553 2260 871 2308 accuratiffimum
889 2257 1056 2301 vidimus
1075 2261 1118 2300 in
1143 2273 1212 2310 eo,
1252 2273 1296 2303 ut
1309 2261 1355 2302 ad
1372 2261 1462 2303 suos
1478 2274 1640 2318 quaeque

258 2335 435 2386 nudiores
448 2335 607 2385 referat,
635 2345 764 2377 nonne
782 2332 949 2375 eundem
969 2332 1296 2387 negligentiorem
1310 2333 1417 2375 fuiffe
1432 2336 1637 2390 reprehen-

258 2415 384 2456 dimus
399 2442 415 2460 ,
459 2422 580 2466 quum
603 2408 720 2448 toties
740 2409 839 2448 fama
854 2406 979 2448 solum
1001 2406 1160 2448 auitore
1182 2407 1221 2448 sc
1237 2408 1329 2462 quid
1350 2410 1494 2450 referre
1510 2409 1636 2451 dicat?

255 2492 411 2531 Famam
439 2484 674 2525 admittimus
711 2482 753 2532 in
782 2479 898 2522 rebus
918 2475 1160 2533 recentibus,
1205 2480 1299 2522 dum
1321 2493 1449 2523 certus
1481 2483 1638 2539 quidam

256 2555 392 2604 auctor
406 2558 518 2600 deest.
552 2559 682 2606 Fam,
711 2552 930 2597 nesciebant
948 2559 1013 2596 cui
1025 2554 1121 2596 fines
1136 2565 1275 2597 omnes
1290 2554 1517 2611 pervolanti,
1543 2569 1639 2598 non-

428 2631 431 2633 ’
949 2632 988 2671 D
1021 2645 1044 2672 2
1301 2633 1303 2635 ’
1542 2643 1637 2670 nun·

331 2846 365 2881 ·)
405 2845 437 2873 in
456 2839 607 2872 referendo
627 2842 731 2881 proelio
751 2840 786 2872 ad
805 2837 1034 2882 Cynoscephalas
1051 2837 1201 2871 commisso
1220 2838 1240 2871 1.
1262 2843 1311 2878 33.
1338 2846 1361 2867 e.
1386 2845 1431 2871 ιο.

332 2899 389 2939 ··)
428 2898 450 2930 1.
470 2907 516 2937 3⁴·
555 2907 580 2929 c.
602 2905 649 2938 50.
708 2898 728 2930 l.
749 2900 793 2940 3⁶
833 2906 858 2928 c.
880 2904 926 2936 ¹9·

333 2956 411 2993 ··“>
452 2955 472 2985 1.
492 2963 539 2994 39.
578 2963 667 2993 αςα.

303 3013 427 3053 '·*·')
466 3011 484 3043 1.
503 3019 550 3050 42·
588 3020 613 3042 c.
632 3012 681 3045 66.

1741 2275 1837 2307 Fama.
