2080 3343
1183 294 1193 319 ¹
1797 298 1826 349 8

240 378 463 433 fanfflotes,
494 393 538 426 ut
553 379 632 429 loci
653 377 847 429 sanffltate
863 383 979 428 otiam
993 380 1071 423 fide
1085 380 1285 437 dimicas
1307 381 1553 433 viderentur,
1582 383 1626 424 in

185 458 189 462 '
241 453 358 496 :dem
375 454 575 511 aliquam,
593 457 694 512 quasi
707 465 789 512 quae
804 455 938 499 tabulae
952 455 1080 511 prifcae
1093 454 1207 499 sunul
1225 457 1266 497 &
1278 443 1441 530 publicet
1463 457 1624 512 repositi

240 528 319 571 fine
337 527 458 573 dubio
480 531 646 587 fuerunt.

358 620 362 623 ·
362 597 503 669 Qos
516 602 614 644 alios
627 598 780 644 annales
790 603 924 644 Livius
948 599 1097 650 laudat,
1125 599 1169 655 id
1182 599 1292 654 quod
1312 602 1412 641 circ-a
1437 616 1500 644 res
1528 603 1623 643 anti·
1682 613 1818 648 Annales.

241 686 334 731 quas
346 664 537 729 sepissime
550 668 685 725 iacit,
706 688 787 718 eos
792 688 874 716 non
892 672 1048 715 annales
1067 671 1147 725 istos
1158 670 1339 714 maximos
1361 672 1469 714 fuisse
1489 687 1622 729 putes,

241 759 341 804 quos
366 739 603 801 conscriptos
629 747 944 790 &continuatos
975 747 1182 803 quotannis
1215 760 1237 787 a
1258 744 1448 788 Pontifice
1463 745 1625 803 :equales

240 822 339 861 Livii
354 818 415 859 vel
428 817 558 873 paullo
573 813 739 872 maiores
758 820 820 861 vel
836 818 1022 860 exstantes
1034 819 1226 869 viderant,
1254 817 1315 859 vel
1334 818 1442 862 brevi
1456 832 1545 863 ante
1561 834 1624 861 ex-

242 889 366 933 stitisse
386 891 600 946 perhibent.
655 892 715 933 Est
734 891 842 947 quod
862 886 995 945 putes,
1027 906 1072 937 ea
1097 905 1177 947 quae
1196 893 1245 933 de
1261 891 1454 934 mortibus
1466 893 1621 937 Pontifi-

242 977 333 1006 cum
348 965 386 1005 &
407 964 668 1014 sacerdotum,
707 975 795 1004 utut
812 961 1010 1018 quibusvis
1027 963 1257 1005 Consulibus
1274 966 1515 1017 acciderunt,
1538 980 1616 1008 me-

242 1046 388 1086 morat,
416 1037 508 1076 hinc
522 1038 636 1077 tacite
653 1035 726 1076 esse
747 1032 929 1079 defututa.
985 1021 1133 1076 Mirum
1148 1048 1244 1076 vero
1262 1047 1438 1077 ceterum
1457 1038 1621 1089 videtur,

240 1100 395 1173 Liriul‘g'i
403 1109 501 1149 hane
511 1109 615 1164 quasi
628 1107 896 1150 sanfflffimai'n'
909 1116 1040 1149 rerum
1058 1104 1334 1159 Romanarum,
1349 1111 1538 1163 praecipue
1554 1109 1622 1152 do·

243 1182 483 1223 mesti'carum
502 1183 733 1223 memoriam
756 1194 838 1222 non
868 1179 1096 1233 adhibuiss'e3
1137 1181 1202 1222 sed
1226 1194 1316 1227 non·
1332 1184 1475 1223 mirum
1497 1186 1622 1236 magis

242 1268 358 1311 quam
378 1269 514 1298 verum
538 1255 609 1306 est,
649 1253 738 1296 illos
759 1257 801 1296 in
818 1253 924 1296 iibris
944 1253 1058 1296 nobis
1081 1254 1236 1296 servatis
1259 1269 1307 1297 ne
1323 1254 1441 1297 semel
1462 1256 1621 1311 quidem

244 1327 316 1370 effe
328 1327 513 1370 laudatos.
541 1331 677 1383 Neque
693 1327 756 1378 est,
785 1327 894 1383 quod
911 1327 1025 1378 dieas,
1054 1328 1128 1370 hos
1136 1325 1243 1369 fuiffe
1260 1328 1501 1386 significatos-
1516 1343 1538 1371 a
1553 1343 1621 1371 no·

245 1403 333 1455 stro}
359 1400 640 1458 quoties-nullo
657 1400 734 1442 alio
750 1401 896 1442 indicio
913 1400 1082 1452 adiedbs
1099 1401 1252 1442 annales
1261 1401 1404 1442 laudat.
1430 1406 1528 1443 Nam
1537 1408 1622 1457 quis

242 1475 338 1515 ferat
348 1473 560 1524 auderem,
589 1476 655 1529 qui
672 1485 780 1514 certo
790 1475 906 1514 &suo
916 1476 1077 1514 nomine
1090 1474 1339 1526 insignitos&
1353 1474 1537 1517 omnibus
1552 1488 1631 1519 no·-

241 1547 430 1594 toslibros
440 1549 546 1599 citet,
559 1548 596 1594 &
614 1546 1089 1602 communiquodam&ad
1108 1545 1254 1592 multos
1267 1549 1484 1609 pertinente
1504 1547 1620 1589 titulo

241 1607 466 1677 complexus
482 1618 634 1661 scribat.
662 1621 703 1662 in
720 1618 851 1673 priscis
871 1617 1096 1664 annalibus·
1083 1622 1260 1670 invenio,
1274 1619 1324 1672 ³⁶)
1347 1621 1388 1659 in
1406 1617 1620 1672 quibusdam

239 1691 435 1744 annalibus
453 1693 637 1737 invenio?
654 1690 735 1745 **)
770 1695 906 1753 Neque
922 1705 1090 1750 unquam
1111 1693 1276 1744 horum,
1304 1693 1525 1747 quicunque
1541 1694 1620 1735 fue-

241 1771 335 1818 rint,
361 1781 381 1808 ει
398 1778 632 1823 quoeunque
650 1765 882 1819 consignati,
906 1764 1099 1820 annalium
1119 1762 1388 1810 austoritatem
1401 1766 1553 1820 praefert
1572 1768 1620 1811 iis

241 1820 486 1889 testiinoniis‚
520 1851 600 1893 quae
618 1852 639 1882 a
660 1840 774 1880 certis
790 1837 1038 1894 quibusdam,
1078 1851 1158 1893 quae
1184 1836 1231 1878 ab
1256 1836 1338 1881 ullo
1352 1836 1515 1881 ‘austore
1530 1853 1618 1894 pro·

240 1911 338 1956 fecta
353 1911 480 1957 ess'ent.
506 1911 631 1968 ²¹²³.)
660 1901 665 1904 ⁵
698 1910 889 1966 Austores
907 1925 1028 1966 porro
1046 1923 1164 1953 notos
1184 1925 1463 1967 nonnunquam
1486 1909 1618 1967 §perte

241 1987 317 2032 fide
338 1985 536 2041 digniores
553 1982 751 2028 annalibus
772 1983 825 2025 fic
838 1979 947 2025 diesis
959 1982 1148 2039 perhibet.
1181 1982 1228 2036 †)
1282 1983 1448 2044 Annales
1463 1986 1618 2031 tandem

239 2060 324 2116 post
337 2055 511 2105 saeculum
527 2056 574 2105 ab
592 2056 686 2099 urbe
701 2057 856 2099 condita
871 2058 1019 2103 sextum
1034 2060 1150 2104 citare
1163 2058 1292 2118 desiit,
1321 2072 1423 2109 nam,
1444 2060 1529 2113 post
1549 2063 1617 2104 Pu-

239 2135 371 2173 nicum
386 2130 600 2178 secundum
617 2128 775 2179 bellum,
798 2128 901 2171 nulla
932 2143 1071 2171 eorum
1086 2133 1127 2171 in
1149 2129 1256 2180 libris
1272 2130 1385 2172 nobis
1402 2131 1544 2198 reliQs
1572 2133 1619 2181 fi:

239 2206 399 2248 mentio.
454 2205 507 2243 Ut
521 2215 616 2252 rem,
645 2200 798 2256 qualem
809 2215 886 2255 ego
900 2203 997 2242 mihi
1017 2201 1140 2256 fingo,
1172 2202 1238 2243 hic
1253 2217 1463 2257 exponam·
1490 2208 1614 2247 Anna·

239 2277 296 2318 les
317 2276 447 2318 nostro
469 2289 550 2317 non
570 2273 758 2325 nisilibri,
800 2277 865 2330 qui
904 2275 983 2316 hoc
1022 2278 1183 2317 nomine
1210 2276 1379 2331 inscripti
1409 2277 1612 2330 exstabant,

239 2351 415 2400 audiunt5
459 2362 585 2410 neque
611 2349 765 2404 prorsus
791 2348 927 2391 diversi
945 2349 1031 2391 sunt
1052 2348 1099 2391 ab
1114 2347 1335 2393 aridioribus
1351 2353 1474 2403 notis,
1516 2366 1612 2409 quo-

240 2439 326 2467 rum
341 2423 462 2466 modo
479 2425 636 2464 nomina
650 2423 791 2473 reddit,
820 2424 857 2463 &
871 2436 970 2478 quos
984 2426 1079 2465 item
1094 2424 1202 2467 nullo
1221 2425 1299 2468 alio
1308 2428 1468 2467 nomine
1480 2426 1612 2469 addito

234 2499 415 2542 austeres
428 2508 552 2539 vocat.
581 2500 672 2554 Non
686 2497 817 2540 nostro
834 2510 929 2539 vero
944 2512 1075 2549 more,
1106 2502 1173 2556 qui
1185 2514 1255 2557 per
1275 2502 1441 2541 certiora
1456 2501 1616 2560 vestigia

906 2571 909 2574 ’
950 2575 986 2613 A
1018 2589 1041 2615 2
1422 2572 1612 2618 lectorem

314 2787 328 2802 ⁸·
389 2787 408 2818 1.
447 2809 454 2817 .
493 2796 516 2818 c.
558 2808 566 2818 .

315 2787 370 2880 ⁶3)
409 2795 477 2883 l.⁴3.
518 2793 588 2879 c.⁷8.
646 2843 666 2875 1.
685 2850 714 2884 7.
752 2854 775 2875 e.
798 2849 841 2880 ιε.
900 2843 920 2875 1.
940 2849 968 2879 8.
1006 2853 1030 2876 c.
1053 2852 1100 2883 30.
1161 2843 1183 2874 1.
1205 2852 1250 2877 ιο.
1277 2854 1300 2874 c.
1325 2850 1368 2884 17.
1427 2845 1447 2876 1.
1466 2854 1517 2890 23.
1536 2856 1559 2878 c.
1580 2849 1608 2878 6.

315 2899 395 2950 ·ᾗ·)
434 2899 453 2930 1.
475 2905 501 2936 8.
539 2909 563 2931 c.
583 2908 631 2942 30.
695 2900 714 2930 Ι.
738 2909 782 2932 ιο.
821 2910 846 2931 e.
869 2899 979 2941 17-⁷18.

279 2962 283 2964 ”
313 2957 351 2996 τ)
381 2957 408 2997 ,ι
428 2965 474 2998 23·
515 2967 537 2988 c·
558 2958 588 2991 ⁶-
