2080 3343
289 357 343 392 10

487 440 613 482 omnis
635 439 705 481 alia
726 437 930 483 austoritas
955 439 1003 481 de
1017 437 1121 481 faeie
1137 439 1306 495 quodam
1317 438 1319 440 ’
1331 438 1477 490 deerat,
1493 438 1542 489 ἦ)
1568 440 1609 480 in
1625 441 1705 482 hoe
1720 451 1860 493 tamen,

483 515 609 557 forsan
649 517 690 556 iu
722 513 838 557 rebus
874 515 1088 557 summatim
1127 511 1365 554 recensendis
1403 515 1638 555 accuratiore
1690 513 1860 567 austore,

485 588 578 646 quid
604 588 829 645 sequeretur
851 586 1017 631 habuiffe
1047 585 1197 629 videtur
1224 587 1366 641 Livius.

286 680 406 711 modius
632 660 807 703 Claudius
838 665 879 703 in
908 660 1021 702 rebus
1042 659 1321 714 antiquioribus
1343 660 1552 708 referendis
1576 660 1743 715 plurium
1770 659 1860 702 alio·

285 745 419 776 Licinius.
483 749 572 777 rum
588 733 791 777 audiorum
798 766 812 786 ‚
832 733 970 789 quibus
977 735 1107 775 Livius
1122 735 1255 787 potius
1271 731 1388 775 fidem
1400 731 1537 786 habet,
1562 734 1785 776 testimoniis
1803 748 1857 777 re·

483 810 636 852 futatur.
669 807 739 853 ss)
1104 855 1109 860 ,

627 885 672 940 In
695 879 811 921 rebus
827 894 897 934 per
928 879 1074 921 benum
1093 882 1281 922 Punicum
1303 880 1513 923 secundum
1541 882 1724 935 &postea
1746 883 1860 935 gestis

480 953 634 996 annales
650 951 712 995 vel
731 951 843 996 libros
864 955 1006 995 Graecos
1026 952 1228 1007 Acilianos,
1267 968 1367 1011 quos
1380 957 1476 997 item
1490 969 1536 996 ex
1552 957 1682 996 Graeco
1700 957 1741 997 in
1761 957 1857 997 Lati-

479 1041 575 1069 num
602 1027 823 1085 sermonem
838 1029 972 1079 vertit,
999 1028 1180 1085 sequitur.
1244 1031 1290 1070 Et
1306 1041 1392 1070 tum
1414 1032 1632 1069 Graecorum
1649 1042 1759 1069 more
1775 1027 1857 1069 aliis

479 1100 618 1143 indid’ta
629 1131 642 1151 ,
660 1100 765 1154 ***)
790 1102 820 1142 si
833 1102 954 1143 modo
969 1103 1089 1144 faceta
1104 1104 1245 1158 fuerint
1258 1101 1305 1154 †)
1346 1102 1484 1156 cupide
1498 1100 1752 1152 consediatur,
1782 1117 1856 1143 ma-

480 1173 723 1228 gnitudinem
754 1187 904 1224 rerum,
948 1187 1231 1228 numerumque
1258 1171 1369 1214 fimul
1387 1172 1595 1227 casurum,
1643 1171 1857 1229 captorum,

477 1248 680 1304 praedaeque
700 1249 741 1287 in
762 1245 991 1287 immensum
1011 1256 1138 1297 auget.
1166 1245 1243 1297 ††)

626 1322 762 1381 Qum
778 1321 909 1360 Livius
925 1316 1042 1359 semel
1057 1328 1206 1359 tantum
1222 1317 1313 1369 †††)
1341 1314 1502 1381 Clodium
1518 1314 1690 1371 Licinium
1707 1316 1855 1370 laudet,

475 1394 635 1448 ejusque
649 1391 782 1434 librum
798 1390 943 1433 tertium
959 1405 1081 1432 rerum
1103 1394 1355 1433 Romanarum
1374 1393 1527 1441 excitet,
1556 1405 1753 1448 quumque
1769 1408 1858 1448 prae·

473 1476 579 1506 terea
594 1464 681 1506 talia
697 1465 766 1506 sub
785 1466 865 1505 hoc
888 1467 1049 1505 nomine
1075 1466 1235 1513 referat,
1299 1478 1379 1518 quae
1393 1478 1482 1505 cum
1502 1466 1573 1506 isto
1589 1464 1751 1508 Claudio
1767 1481 1856 1509 con·

476 1539 649 1588 veniant,
691 1540 738 1579 iis
760 1540 827 1593 qui
845 1539 1039 1578 Licinium
1060 1537 1182 1578 modo
1199 1535 1383 1579 clodium
1409 1536 1532 1578 modo
1553 1537 1757 1581 Claudium
1782 1541 1856 1582 effe

478 1609 625 1653 didium
641 1610 800 1661 volunt,
831 1610 1016 1665 equidem'
1026 1609 1193 1654 assentio.
1475 1651 1477 1653 .

274 1709 319 1741 M.
334 1709 452 1740 Porcius
623 1688 712 1725 Cato
728 1697 809 1724 non
826 1694 974 1723 tantum
987 1683 1151 1737 scriptor
1177 1682 1395 1725 luculentus
1417 1697 1546 1725 rerum
1562 1699 1582 1725 a
1598 1685 1636 1726 se
1651 1686 1855 1739 gestarum,

328 1772 411 1806 Cato.
471 1772 553 1800 non
577 1768 727 1798 tantum
743 1755 921 1796 laudator
935 1758 1110 1797 virorum
1130 1755 1245 1797 simul
1266 1757 1303 1796 &
1318 1770 1477 1797 morum
1491 1757 1705 1810 priscorum
1719 1761 1852 1813 fuerat,

470 1832 589 1873 seth&
613 1829 721 1871 astor
742 1842 873 1870 rerum
891 1832 1268 1871 commemoratione
1288 1829 1599 1882 digniffimarum.

618 1903 725 1944 Idem
741 1916 810 1957 per
817 1901 976 1955 longam
986 1911 1132 1943 aet‘atem
1150 1913 1227 1943 tam
1237 1901 1357 1943 multa
1365 1903 1523 1955 viderat3
1538 1916 1787 1962 quaecumque
1801 1912 1852 1950 vi.

472 1977 596 2025 derat,
641 1989 722 2029 quae
751 1986 831 2015 erat
848 1975 930 2022 ejus
944 1974 1124 2025 sagacitas
1138 1977 1175 2024 ὃς.
1199 1976 1449 2028 perspicacia,
1491 1988 1582 2016 cum
1598 1977 1674 2017 suis
1694 1992 1850 2035 quaeque

472 2048 625 2097 cauffis,
654 2060 769 2101 quam
790 2043 994 2086 refiiffime
1016 2047 1053 2087 &
1081 2045 1390 2088 commodiffime
1413 2045 1532 2088 literis
1547 2049 1771 2103 consignare
1784 2068 1851 2108 po-

473 2131 616 2170 tuerat3
668 2121 811 2175 quique
834 2132 946 2178 amor
966 2120 1048 2170 ejus
1069 2121 1152 2160 veri
1170 2119 1375 2175 &bhonesti
1392 2130 1491 2171 erat,
1533 2133 1647 2176 quam
1664 2125 1852 2170 verissime

474 2195 522 2236 ad
543 2195 720 2249 posteros
744 2192 893 2234 tradere
906 2191 1093 2234 voluerat.

1743 2272 1850 2335 Qid

481 2443 484 2445 ’
546 2446 576 2482 “)
615 2447 635 2477 l.
656 2455 701 2485 3⁴-
743 2457 768 2478 c.
790 2456 834 2478 10.
892 2447 912 2478 l.
934 2447 981 2483 36.
1020 2454 1045 2475 e.
1066 2445 1113 2483 36.
1170 2446 1190 2475 1.
1210 2453 1256 2484 39.
1297 2454 1319 2474 c.
1339 2453 1388 2477 22.
1445 2445 1465 2476 1.
1486 2446 1532 2486 36.
1571 2457 1595 2478 c.
1616 2454 1661 2487 38.
1682 2448 1732 2478 ubi
1752 2450 1783 2479 in
1797 2460 1850 2481 nu-

662 2511 744 2533 mero
764 2501 894 2542 striptori
912 2510 1017 2542 parum
1038 2498 1105 2531 fidei
1122 2498 1173 2539 iit,
1193 2509 1330 2542 magnam
1350 2500 1495 2532 vistoriam
1510 2501 1590 2533 fuisse
1601 2512 1723 2543 apparet.
1750 2506 1850 2547 Quid?

664 2558 746 2598 quod
765 2559 789 2590 l,
808 2561 854 2597 36.
873 2568 897 2588 c.
920 2566 967 2594 ⁴0·
987 2558 1019 2587 P.
1034 2557 1204 2588 Cornelium
1225 2556 1355 2588 Naficam
1374 2556 1452 2589 suam
1470 2558 1615 2589 viaoriam
1635 2560 1796 2594 laudantem
1817 2565 1849 2595 in

660 2611 774 2652 senatu,
792 2613 934 2644 dicentem
952 2612 1062 2644 inducit
1076 2613 1180 2650 Livius,
1207 2613 1273 2653 pius
1292 2621 1403 2654 partem
1422 2613 1567 2645 dimidiam
1587 2625 1621 2646 ex
1640 2617 1847 2660 quinquaginta

660 2671 789 2702 millibus
809 2670 965 2703 hominum
984 2669 1087 2710 αῦτη,
1126 2669 1208 2711 quod
1228 2678 1353 2702 accurate
1370 2680 1438 2701 cum
1457 2679 1580 2703 numero
1599 2683 1616 2704 a
1628 2674 1742 2707 Valerio
1756 2677 1847 2709 relate

660 2728 809 2760 convenit.

544 2783 597 2821 ⁵⁸)
637 2783 655 2813 l.
675 2785 702 2815 6.
743 2792 833 2822 mn.

545 2839 623 2878 ’·’)
661 2839 681 2871 1.
702 2845 748 2879 33.
788 2851 815 2874 c.
835 2849 881 2880 41,

545 2896 584 2933 †)
622 2896 756 2929 ἆνειιῖοτι.

542 2953 606 2992 ††)
645 2955 664 2987 1.
683 2965 730 2995 25·
769 2966 793 2988 c.
814 2962 861 2995 29.
939 2957 958 2988 1.
979 2962 1026 2996 35.
1065 2964 1089 2989 c.
1111 2958 1157 2994 1⁴4
1234 2956 1253 2988 1.
1273 2961 1319 2997 38.
1358 2966 1381 2989 e.
1400 2966 1447 2998 ας.
1523 2960 1542 2991 1.
1562 2969 1607 3000 29-
1646 2971 1672 2993 c.
1691 2970 1739 2996 αι.

541 3010 627 3050 †††)
666 3012 686 3043 ¹·
705 3020 752 3050 29-
793 3021 816 3043 e
837 3021 886 3051 52·
