2080 3343
466 424 583 468 Fama
597 441 619 468 a
633 429 746 470 Livio
760 425 995 479 memorata,
1023 437 1068 471 ut
1080 426 1248 499 verbum
1258 428 1379 481 ipsum
1396 433 1546 484 poscit,
1575 441 1699 486 utque

321 494 435 538 verba
448 501 545 542 Livii
559 501 667 556 supra
682 500 842 547 adduae
857 501 1013 558 volunt,
1055 501 1108 543 est
1121 512 1252 542 tamen
1271 499 1426 555 separati
1441 502 1535 559 quid
1553 517 1575 548 a
1587 505 1700 545 variis

319 568 567 616 relationibus
595 574 811 617 austorum.
856 574 927 614 Est
941 572 1101 627 aliquid,
1154 573 1261 626 quod
1282 576 1413 615 Romae
1436 579 1477 616 in
1503 575 1701 618 mentibus

320 643 462 686 civium
496 645 776 702 plurimorum,
834 643 1067 700 quibuscum
1090 647 1223 689 Livius
1262 647 1595 701 communicabat,
1636 649 1697 693 vel

319 727 486 769 quorum
506 719 637 762 saltem
658 720 835 760 notitiam
859 717 1062 769 habuerat,
1093 717 1298 763 obtinuiss'e
1320 719 1483 761 videtur.
1545 724 1619 771 Sit,
1656 734 1701 772 ‚ut

317 804 389 845 pro
403 792 474 834 suo
488 795 649 848 quisquc
665 787 812 844 iudicio
833 791 999 849 aliquem
1014 790 1214 842 austorem
1234 807 1309 849 prae
1326 791 1407 835 aliis
1426 793 1544 836 fidem
1559 797 1701 837 mereri

317 865 573 915 constituerit,
602 864 665 905 vel
683 865 729 906 fit
745 877 788 905 ut
801 864 931 919 plures
946 865 1048 907 aliud
1063 867 1156 921 quid
1174 868 1318 910 fuerint
1332 867 1495 922 sequuti.
1557 869 1698 909 Forsan

315 938 442 979 innuit
461 935 620 981 ductum
645 935 802 979 solitum
822 938 926 993 quasi
943 939 981 983 ἀ
1000 937 1212 981 solemnem
1228 937 1357 982 rerum
1383 939 1695 993 enarrandarum3

316 1013 735 1051 commemorationem
748 1010 1036 1066 exempioru'm‚
1065 1011 1189 1068 qualia
1208 1027 1279 1066 per
1298 1007 1417 1053 omne
1432 1027 1554 1053 aevum
1566 1016 1607 1053 in
1619 1014 1696 1053 sen-

316 1084 445 1124 tentiia
486 1082 717 1128 senatorum.
740 1082 788 1137 =¹¹³)
846 1084 908 1128 vel
924 1088 1000 1129 ‚lini
1040 1084 1317 1136 concionibuS,
1392 1084 1455 1126 vel
1485 1088 1527 1126 in
1547 1083 1696 1132 ,edictis

316 1155 603 1207 magistratuum
651 1158 802 1198 fuerant
841 1171 889 1199 ex
924 1161 1146 1213 antiquitate
1186 1160 1365 1212 repetita,
1420 1160 1458 1199 &
1486 1160 1566 1199 fine
1619 1158 1695 1200 ulla

317 1229 574 1270 controversia
587 1231 700 1284 aequis
714 1229 776 1272 veI
787 1230 1018 1284 patientibus
1044 1229 1199 1273 auribus
1219 1231 1370 1276 fuerant
1386 1244 1552 1284 accepta.
1607 1235 1695 1272 For·

313 1301 377 1343 san
399 1315 480 1343 erat
506 1301 628 1357 aliqua
645 1305 823 1356 gentium
837 1307 1097 1359 Romanarum
1122 1305 1225 1359 quasi
1241 1304 1396 1352 traditio
1418 1303 1551 1354 oralis3
1583 1306 1635 1344 ita
1651 1315 1694 1345 ut

317 1387 454 1427 gentes
475 1374 663 1417 nonnulla
680 1380 878 1428 Romanae,
899 1377 1025 1422 ficati
1041 1385 1075 1418 e.
1093 1390 1132 1431 g.
1157 1376 1385 1420 Catulorum
1408 1390 1505 1432 gens
1532 1375 1693 1431 singula-

318 1451 352 1490 ri.
373 1451 507 1490 Latine
532 1449 716 1505 lequendi
742 1449 920 1491 facultate
942 1448 1103 1493 celebris
1123 1463 1225 1501 erat,
1260 1455 1301 1493 in
1315 1450 1562 1502 dijudicandis
1577 1450 1692 1492 rebus

316 1524 501 1564 Romanis
522 1525 573 1565 ita
593 1523 745 1577 sagaces
758 1524 796 1564 &
811 1522 877 1564 fidi
899 1522 1149 1573 haberentur,
1195 1534 1238 1564 ut
1254 1526 1363 1565 ex-iis
1382 1523 1461 1575 illi,
1497 1525 1563 1578 qui
1577 1525 1693 1578 origie
1718 1570 1722 1574 .

316 1609 385 1636 nes
405 1598 442 1637 ἀ
456 1599 582 1638 fontes
600 1599 702 1650 ipsos
719 1610 800 1637 non
821 1595 983 1651 amplius
1000 1592 1149 1650 poffeni
1170 1596 1293 1647 adire,
1336 1609 1512 1651 repetere
1528 1596 1625 1650 salva
1638 1598 1692 1647 ju·

314 1668 404 1709 dicii
420 1670 518 1709 fama
531 1668 688 1723 poss'ent.
704 1671 857 1711 'Forsan
869 1668 1096 1723 quodetiam
1112 1683 1160 1710 ex
1178 1668 1434 1710 literatiffimis
1447 1670 1503 1711 sui
1520 1671 1587 1710 aevi
1600 1672 1697 1716 viris·
1722 1721 1728 1724 ι

312 1742 531 1783 sermonem
544 1742 746 1784 inserendo
770 1743 819 1784 de
830 1740 1021 1792 his‘rebus
1037 1742 1152 1796 gestis
1165 1742 1419 1798 perquisivisse
1440 1741 1511 1783 fibi
1536 1755 1616 1783 erat
1639 1746 1691 1783 vi·

312 1814 394 1865 sus,
441 1825 524 1856 tum
545 1810 749 1857 narrationi
771 1817 951 1865 intexuit,
992 1828 1118 1870 neque
1139 1826 1268 1856 tamen
1282 1815 1366 1861 alio
1390 1829 1470 1870 quo
1501 1816 1687 1870 digniori,

313 1902 427 1943 quam
442 1890 548 1929 famae
563 1889 782 1931 testimonio
798 1892 929 1930 nixum
943 1889 1190 1942 pronuntiare
1204 1891 1343 1942 potuit.

461 1961 680 2002 Mirandum
694 1962 783 2003 sane
796 1961 954 2002 videtur
954 1990 964 2010 ,
1002 1962 1178 2001 Livium·
1167 1974 1208 2001 in
1231 1972 1308 2001 tam
1321 1959 1478 2002 sublesta
1493 1936 1687 2002 annalium

311 2037 348 2077 &
378 2033 593 2076 auctorum
601 2034 697 2084 fide,
725 2047 844 2089 quum
861 2047 977 2089 quem
992 2048 1135 2084 unum,
1173 2033 1234 2075 vel
1251 2048 1349 2089 quos
1363 2033 1492 2088 plures
1519 2048 1592 2088 prae
1607 2032 1688 2077 aliis

310 2109 550 2163 iequeretur‚
593 2120 674 2149 non
690 2107 866 2156 haberet,
910 2109 1039 2149 tamen
1052 2109 1231 2160 animum
1247 2106 1451 2158 induxisse,
1491 2107 1687 2148 historiam

310 2193 534 2236 perpetuam
548 2171 699 2232 imperii
723 2171 760 2220 δὲ
782 2181 917 2220 finium
933 2180 1183 2232 amplitudine
1195 2183 1232 2220 ἃ
1247 2173 1401 2221 casuum
1417 2184 1598 2221 varietate
1611 2184 1685 2221 exi-

309 2259 378 2298 mii
394 2257 446 2295 ita
468 2264 684 2307 pertexere,
725 2264 767 2293 ut
781 2250 870 2292 inde
887 2265 909 2292 a
924 2250 1145 2305 primordiis
1160 2251 1461 2305 ingrederetur,
1472 2252 1519 2293 &
1533 2264 1603 2305 per
1622 2262 1683 2293 tot

310 2339 461 2369 errores
467 2356 479 2375 ‚
500 2339 569 2379 per
577 2336 719 2365 tantam
733 2322 1002 2380 obscuritatem
1015 2324 1061 2365 ad
1068 2324 1132 2365 sua
1141 2335 1315 2378 tempora
1330 2324 1554 2366 deduceret!
1583 2328 1679 2366 Nus-

308 2415 443 2455 quam,
485 2412 534 2439 ne
548 2400 589 2438 in
607 2397 866 2438 recentissimis
880 2397 1035 2452 quidem
1048 2397 1289 2451 temporibus
1305 2397 1451 2452 'aliquid
1470 2396 1516 2439 ab
1534 2401 1680 2439 intenta

308 2487 418 2523 cura,
445 2484 581 2513 verum
599 2469 833 2524 expiscandi,
874 2472 1069 2512 remittere
1089 2470 1126 2511 se
1148 2469 1253 2525 poss'e
1265 2501 1276 2520 ,
1309 2471 1383 2522 jam
1399 2469 1446 2511 ab
1461 2472 1574 2514 initio
1588 2484 1675 2526 pro-

303 2543 495 2600 spiciebat.
550 2542 695 2584 Nullibi
707 2544 825 2595 igitur
840 2545 1012 2596 requieS,
1028 2529 1161 2586 ubivis
1173 2542 1415 2595 sollicitudo,
1467 2556 1511 2585 ut
1531 2546 1594 2585 cui
1608 2558 1678 2597 per

305 2621 451 2667 ruinas,
478 2618 601 2670 prisca
614 2613 805 2658 sanffitate
821 2617 1042 2671 conspicuas
1064 2614 1214 2670 vel-per
1229 2619 1375 2657 cineres
1392 2618 1540 2666 verius,
1576 2628 1677 2671 quos

305 2706 388 2735 non
401 2691 480 2749 sine
505 2700 614 2731 metu
637 2688 794 2741 tradies,
822 2688 1077 2732 incedendum
1092 2687 1194 2740 effer,
1223 2687 1301 2739 ubi,
1330 2702 1380 2729 ne
1402 2689 1494 2745 quid
1506 2691 1677 2745 pretiosi,

1626 2779 1676 2805 ne

382 2913 417 2952 ⁶>
457 2913 477 2943 1.
496 2920 542 2951 23.
582 2921 605 2942 c.
627 2921 676 2945 ao.

1852 346 1897 396 17
